<?xml version="1.0" encoding="UTF-8"?>
<!DOCTYPE html PUBLIC "-//W3C//DTD XHTML 1.0 Transitional//EN"
    "http://www.w3.org/TR/xhtml1/DTD/xhtml1-transitional.dtd">
<html xmlns="http://www.w3.org/1999/xhtml" xml:lang="en" lang="en">
 <head>
  <title>
</title>
<meta http-equiv="Content-Type" content="text/html;charset=utf-8" />
  <meta name='ocr-system' content='tesseract 3.04.00' />
  <meta name='ocr-capabilities' content='ocr_page ocr_carea ocr_par ocr_line ocrx_word'/>
</head>
<body>
  <div class='ocr_page' id='page_1' title='image "bellumalexandri00hirtgoog_0037.png"; bbox 0 0 2860 4572; ppageno 0'>
   <div class='ocr_carea' id='block_1_1' title="bbox 228 247 877 311">
    <p class='ocr_par' dir='ltr' id='par_1_1' title="bbox 228 247 877 311">
     <span class='ocr_line' id='line_1_1' title="bbox 228 247 877 311; baseline 0.005 -8"><span class='ocrx_word' id='word_1_1' title='bbox 228 247 270 311; x_wconf 73' lang='grc'>24</span> <span class='ocrx_word' id='word_1_2' title='bbox 655 251 763 304; x_wconf 77' lang='lat' dir='ltr'>cnPtJr</span> <span class='ocrx_word' id='word_1_3' title='bbox 782 257 824 308; x_wconf 81' lang='lat'>29.</span> <span class='ocrx_word' id='word_1_4' title='bbox 837 256 877 307; x_wconf 85' lang='lat'>30.</span> 
     </span>
    </p>
   </div>
   <div class='ocr_carea' id='block_1_2' title="bbox 176 423 1303 1695">
    <p class='ocr_par' dir='ltr' id='par_1_2' title="bbox 176 423 1303 1695">
     <span class='ocr_line' id='line_1_2' title="bbox 231 423 1302 505; baseline 0.001 -18"><span class='ocrx_word' id='word_1_5' title='bbox 231 434 261 487; x_wconf 91' lang='lat' dir='ltr'>et</span> <span class='ocrx_word' id='word_1_6' title='bbox 280 425 432 504; x_wconf 87' lang='lat' dir='ltr'>legionarii</span> <span class='ocrx_word' id='word_1_7' title='bbox 456 424 570 502; x_wconf 87' lang='lat' dir='ltr'>magnis</span> <span class='ocrx_word' id='word_1_8' title='bbox 584 423 741 485; x_wconf 80' lang='lat' dir='ltr'>arboribus</span> <span class='ocrx_word' id='word_1_9' title='bbox 756 423 869 497; x_wconf 83' lang='lat' dir='ltr'>excisis,</span> <span class='ocrx_word' id='word_1_10' title='bbox 894 443 968 504; x_wconf 91' lang='lat' dir='ltr'>quae</span> <span class='ocrx_word' id='word_1_11' title='bbox 990 427 1173 505; x_wconf 81' lang='lat' dir='ltr'><strong>longitudine</strong></span> <span class='ocrx_word' id='word_1_12' title='bbox 1189 435 1302 490; x_wconf 92' lang='lat' dir='ltr'>utram-</span> 
     </span>
     <span class='ocr_line' id='line_1_3' title="bbox 230 506 1302 593; baseline 0.004 -23"><span class='ocrx_word' id='word_1_13' title='bbox 230 529 287 590; x_wconf 89' lang='lat' dir='ltr'>que</span> <span class='ocrx_word' id='word_1_14' title='bbox 314 511 405 590; x_wconf 87' lang='lat' dir='ltr'>ripam</span> <span class='ocrx_word' id='word_1_15' title='bbox 436 509 659 588; x_wconf 82' lang='lat' dir='ltr'>contingerent,</span> <span class='ocrx_word' id='word_1_16' title='bbox 688 509 826 589; x_wconf 90' lang='lat' dir='ltr'>proiectis</span> <span class='ocrx_word' id='word_1_17' title='bbox 847 506 916 593; x_wconf 82' lang='lat' dir='ltr'>(iis)</span> <span class='ocrx_word' id='word_1_18' title='bbox 944 513 1164 592; x_wconf 89' lang='lat' dir='ltr'>repentinoque</span> <span class='ocrx_word' id='word_1_19' title='bbox 1194 529 1302 590; x_wconf 80' lang='lat' dir='ltr'>aggere</span> 
     </span>
     <span class='ocr_line' id='line_1_4' title="bbox 193 594 1303 677; baseline 0.004 -23"><span class='ocrx_word' id='word_1_20' title='bbox 193 604 206 654; x_wconf 81' lang='lat' dir='ltr'>t</span> <span class='ocrx_word' id='word_1_21' title='bbox 228 596 337 656; x_wconf 90' lang='lat' dir='ltr'>iniecto</span> <span class='ocrx_word' id='word_1_22' title='bbox 358 595 468 655; x_wconf 83' lang='lat' dir='ltr'>flumen</span> <span class='ocrx_word' id='word_1_23' title='bbox 491 594 682 656; x_wconf 89' lang='lat' dir='ltr'>transierunt.</span> <span class='ocrx_word' id='word_1_24' title='bbox 726 594 860 665; x_wconf 80' lang='lat' dir='ltr'>Quorum</span> <span class='ocrx_word' id='word_1_25' title='bbox 882 595 1024 675; x_wconf 88' lang='lat' dir='ltr'>impetum</span> <span class='ocrx_word' id='word_1_26' title='bbox 1043 597 1115 658; x_wconf 92' lang='lat' dir='ltr'>adeo</span> <span class='ocrx_word' id='word_1_27' title='bbox 1139 598 1303 677; x_wconf 90' lang='lat' dir='ltr'>pertimue-</span> 
     </span>
     <span class='ocr_line' id='line_1_5' title="bbox 228 679 1302 759; baseline 0.004 -19"><span class='ocrx_word' id='word_1_28' title='bbox 228 689 299 741; x_wconf 92' lang='lat' dir='ltr'>runt</span> <span class='ocrx_word' id='word_1_29' title='bbox 313 681 422 753; x_wconf 85' lang='lat' dir='ltr'>hostes,</span> <span class='ocrx_word' id='word_1_30' title='bbox 445 679 520 740; x_wconf 92' lang='lat' dir='ltr'>utin</span> <span class='ocrx_word' id='word_1_31' title='bbox 538 680 605 759; x_wconf 88' lang='lat' dir='ltr'>luga</span> <span class='ocrx_word' id='word_1_32' title='bbox 621 698 704 759; x_wconf 89' lang='lat' dir='ltr'>spem</span> <span class='ocrx_word' id='word_1_33' title='bbox 721 679 821 742; x_wconf 86' lang='lat' dir='ltr'>salutis</span> <span class='ocrx_word' id='word_1_34' title='bbox 843 681 1043 756; x_wconf 88' lang='lat' dir='ltr'>conlocarent‚</span> <span class='ocrx_word' id='word_1_35' title='bbox 1066 683 1116 743; x_wconf 91' lang='lat' dir='ltr'>sed</span> <span class='ocrx_word' id='word_1_36' title='bbox 1133 684 1161 744; x_wconf 94' lang='lat' dir='ltr'>id</span> <span class='ocrx_word' id='word_1_37' title='bbox 1177 683 1302 744; x_wconf 82' lang='lat' dir='ltr'>frustra:</span> 
     </span>
     <span class='ocr_line' id='line_1_6' title="bbox 229 764 1301 846; baseline 0.005 -22"><span class='ocrx_word' id='word_1_38' title='bbox 229 783 356 844; x_wconf 90' lang='lat' dir='ltr'>namque</span> <span class='ocrx_word' id='word_1_39' title='bbox 379 783 414 825; x_wconf 84' lang='lat' dir='ltr'>ex</span> <span class='ocrx_word' id='word_1_40' title='bbox 437 783 471 825; x_wconf 89' lang='lat' dir='ltr'>ea</span> <span class='ocrx_word' id='word_1_41' title='bbox 493 765 563 844; x_wconf 87' lang='lat' dir='ltr'>luga</span> <span class='ocrx_word' id='word_1_42' title='bbox 591 765 676 844; x_wconf 84' lang='lat' dir='ltr'>pauci</span> <span class='ocrx_word' id='word_1_43' title='bbox 699 764 735 824; x_wconf 93' lang='lat' dir='ltr'>ad</span> <span class='ocrx_word' id='word_1_44' title='bbox 764 782 864 843; x_wconf 89' lang='lat' dir='ltr'>regern</span> <span class='ocrx_word' id='word_1_45' title='bbox 892 767 1067 844; x_wconf 81' lang='lat' dir='ltr'>refugerunt</span> <span class='ocrx_word' id='word_1_46' title='bbox 1095 786 1190 846; x_wconf 88' lang='lat' dir='ltr'>paene</span> <span class='ocrx_word' id='word_1_47' title='bbox 1218 769 1301 829; x_wconf 92' lang='lat' dir='ltr'>omni</span> 
     </span>
     <span class='ocr_line' id='line_1_7' title="bbox 176 849 1302 931; baseline 0.004 -22"><span class='ocrx_word' id='word_1_48' title='bbox 176 852 216 909; x_wconf 80' lang='lat'>8⁰</span> <span class='ocrx_word' id='word_1_49' title='bbox 230 849 341 929; x_wconf 93' lang='lat' dir='ltr'>reliqua</span> <span class='ocrx_word' id='word_1_50' title='bbox 364 850 552 911; x_wconf 79' lang='lat' dir='ltr'>multitudiue</span> <span class='ocrx_word' id='word_1_51' title='bbox 574 850 737 911; x_wconf 85' lang='lat' dir='ltr'>interiecta.</span> <span class='ocrx_word' id='word_1_52' title='bbox 782 849 887 912; x_wconf 83' lang='lat' dir='ltr'>Caesar</span> <span class='ocrx_word' id='word_1_53' title='bbox 901 869 933 912; x_wconf 89' lang='lat' dir='ltr'>re</span> <span class='ocrx_word' id='word_1_54' title='bbox 956 852 1188 931; x_wconf 78' lang='lat' dir='ltr'><strong>praeclarissime</strong></span> <span class='ocrx_word' id='word_1_55' title='bbox 1209 862 1302 930; x_wconf 85' lang='lat' dir='ltr'>gesta,</span> 
     </span>
     <span class='ocr_line' id='line_1_8' title="bbox 228 934 1301 1015; baseline 0.004 -21"><span class='ocrx_word' id='word_1_56' title='bbox 228 953 295 995; x_wconf 89' lang='lat' dir='ltr'>eum</span> <span class='ocrx_word' id='word_1_57' title='bbox 319 934 449 997; x_wconf 89' lang='lat' dir='ltr'>subitum</span> <span class='ocrx_word' id='word_1_58' title='bbox 472 936 628 996; x_wconf 89' lang='lat' dir='ltr'>adventum</span> <span class='ocrx_word' id='word_1_59' title='bbox 644 953 729 996; x_wconf 90' lang='lat' dir='ltr'>suum</span> <span class='ocrx_word' id='word_1_60' title='bbox 752 935 896 997; x_wconf 91' lang='lat' dir='ltr'>iudicaret</span> <span class='ocrx_word' id='word_1_61' title='bbox 911 953 1049 1015; x_wconf 87' lang='lat' dir='ltr'>magnum</span> <span class='ocrx_word' id='word_1_62' title='bbox 1072 947 1214 998; x_wconf 88' lang='lat' dir='ltr'>terrorem</span> <span class='ocrx_word' id='word_1_63' title='bbox 1230 937 1301 998; x_wconf 80' lang='lat' dir='ltr'>Ale·</span> 
     </span>
     <span class='ocr_line' id='line_1_9' title="bbox 227 1021 1301 1101; baseline 0.003 -21"><span class='ocrx_word' id='word_1_64' title='bbox 227 1021 379 1082; x_wconf 86' lang='lat' dir='ltr'>xandrinis</span> <span class='ocrx_word' id='word_1_65' title='bbox 402 1021 589 1094; x_wconf 74' lang='lat' dir='ltr'>inmaturum,</span> <span class='ocrx_word' id='word_1_66' title='bbox 612 1021 749 1100; x_wconf 91' lang='lat' dir='ltr'>protinus</span> <span class='ocrx_word' id='word_1_67' title='bbox 767 1021 859 1082; x_wconf 89' lang='lat' dir='ltr'>vietor</span> <span class='ocrx_word' id='word_1_68' title='bbox 873 1021 909 1081; x_wconf 95' lang='lat' dir='ltr'>ad</span> <span class='ocrx_word' id='word_1_69' title='bbox 931 1031 1025 1083; x_wconf 87' lang='lat' dir='ltr'>castra</span> <span class='ocrx_word' id='word_1_70' title='bbox 1041 1023 1118 1100; x_wconf 89' lang='lat' dir='ltr'>regis</span> <span class='ocrx_word' id='word_1_71' title='bbox 1139 1023 1301 1101; x_wconf 89' lang='lat' dir='ltr'>pertendit.</span> 
     </span>
     <span class='ocr_line' id='line_1_10' title="bbox 190 1105 1301 1185; baseline 0.004 -23"><span class='ocrx_word' id='word_1_72' title='bbox 190 1112 205 1162; x_wconf 84' lang='lat'><strong>2</strong></span> <span class='ocrx_word' id='word_1_73' title='bbox 226 1105 303 1167; x_wconf 90' lang='lat' dir='ltr'>Haec</span> <span class='ocrx_word' id='word_1_74' title='bbox 326 1125 393 1168; x_wconf 90' lang='lat' dir='ltr'>cum</span> <span class='ocrx_word' id='word_1_75' title='bbox 410 1115 439 1167; x_wconf 88' lang='lat' dir='ltr'>et</span> <span class='ocrx_word' id='word_1_76' title='bbox 453 1124 543 1185; x_wconf 91' lang='lat' dir='ltr'>opere</span> <span class='ocrx_word' id='word_1_77' title='bbox 558 1122 664 1185; x_wconf 88' lang='lat' dir='ltr'>magno</span> <span class='ocrx_word' id='word_1_78' title='bbox 679 1107 782 1166; x_wconf 88' lang='lat' dir='ltr'>vallata</span> <span class='ocrx_word' id='word_1_79' title='bbox 805 1114 834 1167; x_wconf 88' lang='lat' dir='ltr'>et</span> <span class='ocrx_word' id='word_1_80' title='bbox 848 1107 905 1167; x_wconf 91' lang='lat' dir='ltr'>loci</span> <span class='ocrx_word' id='word_1_81' title='bbox 921 1117 1024 1168; x_wconf 89' lang='lat' dir='ltr'>natura</span> <span class='ocrx_word' id='word_1_82' title='bbox 1039 1107 1152 1168; x_wconf 91' lang='lat' dir='ltr'>munita</span> <span class='ocrx_word' id='word_1_83' title='bbox 1167 1106 1301 1167; x_wconf 92' lang='lat' dir='ltr'>animad-</span> 
     </span>
     <span class='ocr_line' id='line_1_11' title="bbox 227 1192 1302 1270; baseline 0.003 -21"><span class='ocrx_word' id='word_1_84' title='bbox 227 1199 353 1252; x_wconf 85' lang='lat' dir='ltr'>verteret</span> <span class='ocrx_word' id='word_1_85' title='bbox 387 1192 610 1270; x_wconf 80' lang='lat' dir='ltr'>confertamque</span> <span class='ocrx_word' id='word_1_86' title='bbox 647 1201 824 1252; x_wconf 90' lang='lat' dir='ltr'>armatorum</span> <span class='ocrx_word' id='word_1_87' title='bbox 861 1192 1077 1254; x_wconf 86' lang='lat' dir='ltr'>multitudinem</span> <span class='ocrx_word' id='word_1_88' title='bbox 1116 1192 1302 1252; x_wconf 85' lang='lat' dir='ltr'>conlocatam</span> 
     </span>
     <span class='ocr_line' id='line_1_12' title="bbox 227 1275 1302 1357; baseline 0.001 -21"><span class='ocrx_word' id='word_1_89' title='bbox 227 1276 256 1337; x_wconf 92' lang='lat' dir='ltr'>in</span> <span class='ocrx_word' id='word_1_90' title='bbox 282 1277 355 1337; x_wconf 89' lang='lat' dir='ltr'>vallo</span> <span class='ocrx_word' id='word_1_91' title='bbox 377 1277 501 1349; x_wconf 88' lang='lat' dir='ltr'>videret,</span> <span class='ocrx_word' id='word_1_92' title='bbox 525 1275 616 1337; x_wconf 90' lang='lat' dir='ltr'>lassos</span> <span class='ocrx_word' id='word_1_93' title='bbox 638 1276 744 1336; x_wconf 91' lang='lat' dir='ltr'>itinere</span> <span class='ocrx_word' id='word_1_94' title='bbox 767 1295 801 1338; x_wconf 89' lang='lat' dir='ltr'>ae</span> <span class='ocrx_word' id='word_1_95' title='bbox 822 1277 993 1357; x_wconf 89' lang='lat' dir='ltr'>proeliando</span> <span class='ocrx_word' id='word_1_96' title='bbox 1017 1277 1123 1338; x_wconf 89' lang='lat' dir='ltr'>milites</span> <span class='ocrx_word' id='word_1_97' title='bbox 1145 1277 1180 1338; x_wconf 93' lang='lat' dir='ltr'>ad</span> <span class='ocrx_word' id='word_1_98' title='bbox 1203 1295 1302 1356; x_wconf 92' lang='lat' dir='ltr'>oppu-</span> 
     </span>
     <span class='ocr_line' id='line_1_13' title="bbox 226 1360 1302 1442; baseline 0 -20"><span class='ocrx_word' id='word_1_99' title='bbox 226 1362 342 1439; x_wconf 90' lang='lat' dir='ltr'>gnanda</span> <span class='ocrx_word' id='word_1_100' title='bbox 365 1370 458 1422; x_wconf 88' lang='lat' dir='ltr'>castra</span> <span class='ocrx_word' id='word_1_101' title='bbox 482 1360 640 1421; x_wconf 82' lang='lat' dir='ltr'>succedere</span> <span class='ocrx_word' id='word_1_102' title='bbox 665 1361 766 1422; x_wconf 92' lang='lat' dir='ltr'>noluit.</span> <span class='ocrx_word' id='word_1_103' title='bbox 811 1361 914 1440; x_wconf 91' lang='lat' dir='ltr'>ltaque</span> <span class='ocrx_word' id='word_1_104' title='bbox 937 1382 997 1423; x_wconf 89' lang='lat' dir='ltr'>non</span> <span class='ocrx_word' id='word_1_105' title='bbox 1018 1381 1123 1442; x_wconf 85' lang='lat' dir='ltr'>magno</span> <span class='ocrx_word' id='word_1_106' title='bbox 1147 1362 1302 1422; x_wconf 89' lang='lat' dir='ltr'>intervallo</span> 
     </span>
     <span class='ocr_line' id='line_1_14' title="bbox 192 1445 1301 1525; baseline 0.001 -19"><span class='ocrx_word' id='word_1_107' title='bbox 192 1455 206 1506; x_wconf 82' lang='lat' dir='ltr'>t</span> <span class='ocrx_word' id='word_1_108' title='bbox 228 1447 331 1507; x_wconf 90' lang='lat' dir='ltr'>relicto</span> <span class='ocrx_word' id='word_1_109' title='bbox 347 1445 383 1506; x_wconf 89' lang='lat' dir='ltr'>ab</span> <span class='ocrx_word' id='word_1_110' title='bbox 398 1447 481 1506; x_wconf 90' lang='lat' dir='ltr'>hoste</span> <span class='ocrx_word' id='word_1_111' title='bbox 497 1452 590 1506; x_wconf 89' lang='lat' dir='ltr'>castra</span> <span class='ocrx_word' id='word_1_112' title='bbox 605 1445 713 1525; x_wconf 88' lang='lat' dir='ltr'>posuit.</span> <span class='ocrx_word' id='word_1_113' title='bbox 751 1446 873 1508; x_wconf 88' lang='lat' dir='ltr'>Postero</span> <span class='ocrx_word' id='word_1_114' title='bbox 889 1464 957 1508; x_wconf 91' lang='lat' dir='ltr'>vero</span> <span class='ocrx_word' id='word_1_115' title='bbox 973 1448 1019 1508; x_wconf 90' lang='lat' dir='ltr'>die</span> <span class='ocrx_word' id='word_1_116' title='bbox 1036 1447 1197 1519; x_wconf 82' lang='lat' dir='ltr'>castellum,</span> <span class='ocrx_word' id='word_1_117' title='bbox 1220 1447 1301 1524; x_wconf 93' lang='lat' dir='ltr'>quod</span> 
     </span>
     <span class='ocr_line' id='line_1_15' title="bbox 227 1531 1302 1610; baseline 0 -18"><span class='ocrx_word' id='word_1_118' title='bbox 227 1549 279 1593; x_wconf 81' lang='lat' dir='ltr'>rex</span> <span class='ocrx_word' id='word_1_119' title='bbox 294 1532 323 1592; x_wconf 91' lang='lat' dir='ltr'>in</span> <span class='ocrx_word' id='word_1_120' title='bbox 348 1531 483 1610; x_wconf 85' lang='lat' dir='ltr'>proximo</span> <span class='ocrx_word' id='word_1_121' title='bbox 505 1531 568 1591; x_wconf 89' lang='lat' dir='ltr'>vico</span> <span class='ocrx_word' id='word_1_122' title='bbox 592 1549 651 1590; x_wconf 94' lang='lat' dir='ltr'>non</span> <span class='ocrx_word' id='word_1_123' title='bbox 670 1531 789 1610; x_wconf 87' lang='lat' dir='ltr'>longea</span> <span class='ocrx_word' id='word_1_124' title='bbox 809 1533 869 1593; x_wconf 89' lang='lat' dir='ltr'>suis</span> <span class='ocrx_word' id='word_1_125' title='bbox 892 1533 993 1594; x_wconf 87' lang='lat' dir='ltr'>castris</span> <span class='ocrx_word' id='word_1_126' title='bbox 1016 1531 1162 1593; x_wconf 91' lang='lat' dir='ltr'>munierat</span> <span class='ocrx_word' id='word_1_127' title='bbox 1183 1533 1302 1593; x_wconf 90' lang='lat' dir='ltr'>brachi-</span> 
     </span>
     <span class='ocr_line' id='line_1_16' title="bbox 227 1616 1302 1695; baseline 0.003 -20"><span class='ocrx_word' id='word_1_128' title='bbox 227 1616 310 1694; x_wconf 86' lang='lat' dir='ltr'>isque</span> <span class='ocrx_word' id='word_1_129' title='bbox 334 1635 400 1677; x_wconf 88' lang='lat' dir='ltr'>oum</span> <span class='ocrx_word' id='word_1_130' title='bbox 425 1633 515 1695; x_wconf 90' lang='lat' dir='ltr'>opere</span> <span class='ocrx_word' id='word_1_131' title='bbox 538 1624 701 1676; x_wconf 88' lang='lat' dir='ltr'>castrorum</span> <span class='ocrx_word' id='word_1_132' title='bbox 729 1617 924 1678; x_wconf 82' lang='lat' dir='ltr'>coniunxerat</span> <span class='ocrx_word' id='word_1_133' title='bbox 943 1617 999 1678; x_wconf 83' lang='lat' dir='ltr'>vici</span> <span class='ocrx_word' id='word_1_134' title='bbox 1028 1617 1181 1678; x_wconf 88' lang='lat' dir='ltr'>obtinendi</span> <span class='ocrx_word' id='word_1_135' title='bbox 1204 1635 1302 1690; x_wconf 84' lang='lat' dir='ltr'>causa,</span> 
     </span>
    </p>
   </div>
   <div class='ocr_carea' id='block_1_3' title="bbox 227 1697 1415 1866">
    <p class='ocr_par' dir='ltr' id='par_1_3' title="bbox 227 1697 1415 1866">
     <span class='ocr_line' id='line_1_17' title="bbox 228 1697 1415 1792; baseline -0.001 -28"><span class='ocrx_word' id='word_1_136' title='bbox 228 1702 333 1764; x_wconf 85' lang='lat' dir='ltr'>Caesar</span> <span class='ocrx_word' id='word_1_137' title='bbox 355 1703 511 1781; x_wconf 89' lang='lat' dir='ltr'>adgressus</span> <span class='ocrx_word' id='word_1_138' title='bbox 533 1700 671 1762; x_wconf 89' lang='lat' dir='ltr'>omnibus</span> <span class='ocrx_word' id='word_1_139' title='bbox 687 1701 780 1780; x_wconf 89' lang='lat' dir='ltr'>copiis</span> <span class='ocrx_word' id='word_1_140' title='bbox 802 1697 961 1781; x_wconf 88' lang='lat' dir='ltr'>expugnat,</span> <span class='ocrx_word' id='word_1_141' title='bbox 985 1721 1045 1762; x_wconf 93' lang='lat' dir='ltr'>non</span> <span class='ocrx_word' id='word_1_142' title='bbox 1062 1703 1166 1781; x_wconf 85' lang='lat' dir='ltr'>quaid</span> <span class='ocrx_word' id='word_1_143' title='bbox 1184 1702 1302 1763; x_wconf 90' lang='lat' dir='ltr'>minore</span> <span class='ocrx_word' id='word_1_144' title='bbox 1414 1751 1415 1792; x_wconf 38' lang='lat' dir='ltr'>p</span> 
     </span>
     <span class='ocr_line' id='line_1_18' title="bbox 227 1786 1302 1866; baseline 0.001 -19"><span class='ocrx_word' id='word_1_145' title='bbox 227 1805 351 1848; x_wconf 92' lang='lat' dir='ltr'>numero</span> <span class='ocrx_word' id='word_1_146' title='bbox 374 1786 498 1847; x_wconf 87' lang='lat' dir='ltr'>militum</span> <span class='ocrx_word' id='word_1_147' title='bbox 522 1786 664 1865; x_wconf 87' lang='lat' dir='ltr'>consequi</span> <span class='ocrx_word' id='word_1_148' title='bbox 687 1786 804 1848; x_wconf 86' lang='lat' dir='ltr'>difficile</span> <span class='ocrx_word' id='word_1_149' title='bbox 826 1787 905 1847; x_wconf 87' lang='lat' dir='ltr'>sactu</span> <span class='ocrx_word' id='word_1_150' title='bbox 927 1795 1054 1866; x_wconf 86' lang='lat' dir='ltr'>putaret,</span> <span class='ocrx_word' id='word_1_151' title='bbox 1077 1788 1128 1847; x_wconf 90' lang='lat' dir='ltr'>sed</span> <span class='ocrx_word' id='word_1_152' title='bbox 1152 1795 1185 1848; x_wconf 95' lang='lat' dir='ltr'>ut</span> <span class='ocrx_word' id='word_1_153' title='bbox 1207 1786 1244 1848; x_wconf 88' lang='lat' dir='ltr'>ab</span> <span class='ocrx_word' id='word_1_154' title='bbox 1266 1805 1302 1848; x_wconf 88' lang='lat' dir='ltr'>ea</span> 
     </span>
    </p>
   </div>
   <div class='ocr_carea' id='block_1_4' title="bbox 189 1871 1305 2632">
    <p class='ocr_par' dir='ltr' id='par_1_4' title="bbox 189 1871 1305 2632">
     <span class='ocr_line' id='line_1_19' title="bbox 227 1871 1302 1953; baseline 0.002 -22"><span class='ocrx_word' id='word_1_155' title='bbox 227 1871 347 1933; x_wconf 80' lang='lat' dir='ltr'>victoria</span> <span class='ocrx_word' id='word_1_156' title='bbox 377 1871 541 1952; x_wconf 83' lang='lat' dir='ltr'>perterritis</span> <span class='ocrx_word' id='word_1_157' title='bbox 569 1871 774 1933; x_wconf 80' lang='lat' dir='ltr'>Alexandrinis</span> <span class='ocrx_word' id='word_1_158' title='bbox 806 1872 956 1951; x_wconf 87' lang='lat' dir='ltr'>protinus</span> <span class='ocrx_word' id='word_1_159' title='bbox 973 1880 1064 1933; x_wconf 88' lang='lat' dir='ltr'>castra</span> <span class='ocrx_word' id='word_1_160' title='bbox 1095 1872 1172 1952; x_wconf 86' lang='lat' dir='ltr'>regis</span> <span class='ocrx_word' id='word_1_161' title='bbox 1202 1890 1302 1953; x_wconf 90' lang='lat' dir='ltr'>oppu-</span> 
     </span>
     <span class='ocr_line' id='line_1_20' title="bbox 189 1956 1304 2037; baseline 0 -19"><span class='ocrx_word' id='word_1_162' title='bbox 189 1967 340 2037; x_wconf 82' lang='lat' dir='ltr'>lgnaret.</span> <span class='ocrx_word' id='word_1_163' title='bbox 380 1957 481 2036; x_wconf 89' lang='lat' dir='ltr'>ltaque</span> <span class='ocrx_word' id='word_1_164' title='bbox 504 1957 607 2017; x_wconf 91' lang='lat' dir='ltr'>eodem</span> <span class='ocrx_word' id='word_1_165' title='bbox 629 1974 729 2028; x_wconf 84' lang='lat' dir='ltr'>cursu,</span> <span class='ocrx_word' id='word_1_166' title='bbox 752 1976 811 2036; x_wconf 90' lang='lat' dir='ltr'>quo</span> <span class='ocrx_word' id='word_1_167' title='bbox 834 1957 1013 2036; x_wconf 82' lang='lat' dir='ltr'>refugientes</span> <span class='ocrx_word' id='word_1_168' title='bbox 1027 1956 1242 2018; x_wconf 80' lang='lat' dir='ltr'>Alexandrinos</span> <span class='ocrx_word' id='word_1_169' title='bbox 1265 1977 1304 2020; x_wconf 86' lang='lat' dir='ltr'>ex</span> 
     </span>
     <span class='ocr_line' id='line_1_21' title="bbox 228 2042 1302 2115; baseline -0.002 -11"><span class='ocrx_word' id='word_1_170' title='bbox 228 2043 347 2105; x_wconf 89' lang='lat' dir='ltr'>cas&#39;tello</span> <span class='ocrx_word' id='word_1_171' title='bbox 363 2043 392 2103; x_wconf 92' lang='lat' dir='ltr'>iu</span> <span class='ocrx_word' id='word_1_172' title='bbox 417 2050 511 2104; x_wconf 91' lang='lat' dir='ltr'>castra</span> <span class='ocrx_word' id='word_1_173' title='bbox 533 2049 603 2102; x_wconf 92' lang='lat' dir='ltr'>sunt</span> <span class='ocrx_word' id='word_1_174' title='bbox 624 2042 731 2102; x_wconf 87' lang='lat' dir='ltr'>milites</span> <span class='ocrx_word' id='word_1_175' title='bbox 753 2042 888 2115; x_wconf 88' lang='lat' dir='ltr'>insecuti,</span> <span class='ocrx_word' id='word_1_176' title='bbox 910 2042 1127 2104; x_wconf 86' lang='lat' dir='ltr'>munitionibus</span> <span class='ocrx_word' id='word_1_177' title='bbox 1148 2061 1302 2104; x_wconf 85' lang='lat' dir='ltr'>successe-</span> 
     </span>
     <span class='ocr_line' id='line_1_22' title="bbox 191 2126 1303 2209; baseline 0.001 -22"><span class='ocrx_word' id='word_1_178' title='bbox 191 2137 206 2187; x_wconf 77' lang='lat' dir='ltr'>t</span> <span class='ocrx_word' id='word_1_179' title='bbox 228 2137 299 2190; x_wconf 88' lang='lat' dir='ltr'>runt</span> <span class='ocrx_word' id='word_1_180' title='bbox 321 2128 523 2206; x_wconf 81' lang='lat' dir='ltr'>acerrimeque</span> <span class='ocrx_word' id='word_1_181' title='bbox 544 2127 660 2188; x_wconf 89' lang='lat' dir='ltr'>eminus</span> <span class='ocrx_word' id='word_1_182' title='bbox 675 2128 814 2206; x_wconf 90' lang='lat' dir='ltr'>proeliari</span> <span class='ocrx_word' id='word_1_183' title='bbox 837 2136 1010 2206; x_wconf 89' lang='lat' dir='ltr'>coeperunt.</span> <span class='ocrx_word' id='word_1_184' title='bbox 1048 2126 1167 2192; x_wconf 87' lang='lat' dir='ltr'>lluahus</span> <span class='ocrx_word' id='word_1_185' title='bbox 1182 2147 1216 2188; x_wconf 86' lang='lat' dir='ltr'>ex</span> <span class='ocrx_word' id='word_1_186' title='bbox 1232 2146 1303 2209; x_wconf 94' lang='lat' dir='ltr'>par-</span> 
     </span>
     <span class='ocr_line' id='line_1_23' title="bbox 229 2212 1303 2293; baseline -0.001 -18"><span class='ocrx_word' id='word_1_187' title='bbox 229 2215 308 2276; x_wconf 86' lang='lat' dir='ltr'>tibus</span> <span class='ocrx_word' id='word_1_188' title='bbox 323 2214 418 2274; x_wconf 91' lang='lat' dir='ltr'>aditus</span> <span class='ocrx_word' id='word_1_189' title='bbox 441 2212 671 2293; x_wconf 87' lang='lat' dir='ltr'>oppugnationis</span> <span class='ocrx_word' id='word_1_190' title='bbox 687 2214 796 2275; x_wconf 85' lang='lat' dir='ltr'>nostris</span> <span class='ocrx_word' id='word_1_191' title='bbox 818 2213 957 2274; x_wconf 88' lang='lat' dir='ltr'>dabatur:</span> <span class='ocrx_word' id='word_1_192' title='bbox 979 2230 1048 2286; x_wconf 86' lang='lat' dir='ltr'>uua,</span> <span class='ocrx_word' id='word_1_193' title='bbox 1072 2231 1158 2291; x_wconf 93' lang='lat' dir='ltr'>quam</span> <span class='ocrx_word' id='word_1_194' title='bbox 1174 2213 1303 2275; x_wconf 90' lang='lat' dir='ltr'>liberum</span> 
     </span>
     <span class='ocr_line' id='line_1_24' title="bbox 229 2296 1305 2377; baseline 0 -18"><span class='ocrx_word' id='word_1_195' title='bbox 229 2317 378 2360; x_wconf 88' lang='lat' dir='ltr'>accessum</span> <span class='ocrx_word' id='word_1_196' title='bbox 409 2296 518 2358; x_wconf 87' lang='lat' dir='ltr'>habere</span> <span class='ocrx_word' id='word_1_197' title='bbox 548 2299 761 2372; x_wconf 88' lang='lat' dir='ltr'>demonstravi;</span> <span class='ocrx_word' id='word_1_198' title='bbox 790 2299 896 2372; x_wconf 86' lang='lat' dir='ltr'>altera,</span> <span class='ocrx_word' id='word_1_199' title='bbox 927 2316 1002 2377; x_wconf 90' lang='lat' dir='ltr'>quae</span> <span class='ocrx_word' id='word_1_200' title='bbox 1030 2298 1178 2360; x_wconf 90' lang='lat' dir='ltr'>mediocre</span> <span class='ocrx_word' id='word_1_201' title='bbox 1208 2299 1305 2360; x_wconf 90' lang='lat' dir='ltr'>inter-</span> 
     </span>
     <span class='ocr_line' id='line_1_25' title="bbox 193 2382 1304 2458; baseline 0.001 -14"><span class='ocrx_word' id='word_1_202' title='bbox 193 2394 208 2444; x_wconf 88' lang='grc'>6</span> <span class='ocrx_word' id='word_1_203' title='bbox 229 2382 335 2444; x_wconf 86' lang='lat' dir='ltr'>vallum</span> <span class='ocrx_word' id='word_1_204' title='bbox 358 2384 437 2443; x_wconf 89' lang='lat' dir='ltr'>inter</span> <span class='ocrx_word' id='word_1_205' title='bbox 459 2392 552 2443; x_wconf 90' lang='lat' dir='ltr'>castra</span> <span class='ocrx_word' id='word_1_206' title='bbox 568 2392 598 2442; x_wconf 88' lang='lat' dir='ltr'>et</span> <span class='ocrx_word' id='word_1_207' title='bbox 617 2383 729 2458; x_wconf 81' lang='lat' dir='ltr'>flumen</span> <span class='ocrx_word' id='word_1_208' title='bbox 746 2385 843 2445; x_wconf 92' lang='lat' dir='ltr'>Nilum</span> <span class='ocrx_word' id='word_1_209' title='bbox 865 2383 1002 2444; x_wconf 88' lang='lat' dir='ltr'>habebat.</span> <span class='ocrx_word' id='word_1_210' title='bbox 1040 2383 1162 2444; x_wconf 86' lang='lat' dir='ltr'>Maxima</span> <span class='ocrx_word' id='word_1_211' title='bbox 1179 2393 1208 2444; x_wconf 90' lang='lat' dir='ltr'>et</span> <span class='ocrx_word' id='word_1_212' title='bbox 1223 2384 1304 2445; x_wconf 91' lang='lat' dir='ltr'>elec·</span> 
     </span>
     <span class='ocr_line' id='line_1_26' title="bbox 228 2466 1303 2548; baseline 0.001 -19"><span class='ocrx_word' id='word_1_213' title='bbox 228 2469 336 2529; x_wconf 89' lang='lat' dir='ltr'>tissima</span> <span class='ocrx_word' id='word_1_214' title='bbox 354 2466 509 2527; x_wconf 91' lang='lat' dir='ltr'>multitudo</span> <span class='ocrx_word' id='word_1_215' title='bbox 526 2467 790 2529; x_wconf 80' lang='lat' dir='ltr'>Alexandrinorum</span> <span class='ocrx_word' id='word_1_216' title='bbox 811 2468 986 2530; x_wconf 82' lang='lat' dir='ltr'>defendebat</span> <span class='ocrx_word' id='word_1_217' title='bbox 1001 2485 1065 2528; x_wconf 90' lang='lat' dir='ltr'>eam</span> <span class='ocrx_word' id='word_1_218' title='bbox 1080 2479 1203 2547; x_wconf 86' lang='lat' dir='ltr'>partem,</span> <span class='ocrx_word' id='word_1_219' title='bbox 1226 2487 1303 2548; x_wconf 90' lang='lat' dir='ltr'>quae</span> 
     </span>
     <span class='ocr_line' id='line_1_27' title="bbox 192 2550 1304 2632; baseline 0.003 -19"><span class='ocrx_word' id='word_1_220' title='bbox 192 2564 206 2613; x_wconf 83' lang='lat' dir='ltr'>t</span> <span class='ocrx_word' id='word_1_221' title='bbox 227 2552 397 2613; x_wconf 83' lang='lat' dir='ltr'>facillimum</span> <span class='ocrx_word' id='word_1_222' title='bbox 413 2551 522 2611; x_wconf 90' lang='lat' dir='ltr'>aditum</span> <span class='ocrx_word' id='word_1_223' title='bbox 538 2550 677 2626; x_wconf 90' lang='lat' dir='ltr'>habehat;</span> <span class='ocrx_word' id='word_1_224' title='bbox 692 2553 853 2632; x_wconf 91' lang='lat' dir='ltr'>plurimum</span> <span class='ocrx_word' id='word_1_225' title='bbox 870 2552 1064 2631; x_wconf 85' lang='lat' dir='ltr'>proficiebant</span> <span class='ocrx_word' id='word_1_226' title='bbox 1077 2553 1107 2612; x_wconf 92' lang='lat' dir='ltr'>in</span> <span class='ocrx_word' id='word_1_227' title='bbox 1124 2554 1304 2632; x_wconf 89' lang='lat' dir='ltr'>repellendis</span> 
     </span>
    </p>
   </div>
   <div class='ocr_carea' id='block_1_5' title="bbox 227 2732 1302 2936">
    <p class='ocr_par' dir='ltr' id='par_1_5' title="bbox 227 2732 1302 2936">
     <span class='ocr_line' id='line_1_28' title="bbox 311 2732 875 2803; baseline -0.002 -15"><span class='ocrx_word' id='word_1_228' title='bbox 311 2734 399 2797; x_wconf 60' lang='lat' dir='ltr'>tum.</span> <span class='ocrx_word' id='word_1_229' title='bbox 416 2737 536 2800; x_wconf 85' lang='lat' dir='ltr'>proiectu</span> <span class='ocrx_word' id='word_1_230' title='bbox 555 2732 577 2782; x_wconf 91' lang='lat' dir='ltr'>V</span> <span class='ocrx_word' id='word_1_231' title='bbox 646 2733 709 2803; x_wconf 78' lang='lat' dir='ltr'>(lle)</span> <span class='ocrx_word' id='word_1_232' title='bbox 727 2733 875 2803; x_wconf 83' lang='lat' dir='ltr'>Nipperdey</span> 
     </span>
     <span class='ocr_line' id='line_1_29' title="bbox 312 2802 1301 2870; baseline -0.002 -12"><span class='ocrx_word' id='word_1_233' title='bbox 312 2802 819 2868; x_wconf 69' lang='lat' dir='ltr'>to‚1.praaararnstmarogastat1r</span> <span class='ocrx_word' id='word_1_234' title='bbox 872 2806 896 2856; x_wconf 82' lang='lat'>2.</span> <span class='ocrx_word' id='word_1_235' title='bbox 915 2803 1156 2870; x_wconf 74' lang='lat' dir='ltr'>comortamqaav</span> <span class='ocrx_word' id='word_1_236' title='bbox 1209 2807 1233 2858; x_wconf 85' lang='lat'>3.</span> <span class='ocrx_word' id='word_1_237' title='bbox 1250 2806 1301 2856; x_wconf 83' lang='lat' dir='ltr'>Po-</span> 
     </span>
     <span class='ocr_line' id='line_1_30' title="bbox 227 2869 1302 2936; baseline 0.002 -14"><span class='ocrx_word' id='word_1_238' title='bbox 227 2877 297 2923; x_wconf 81' lang='lat' dir='ltr'>stero</span> <span class='ocrx_word' id='word_1_239' title='bbox 315 2889 377 2924; x_wconf 84' lang='lat' dir='ltr'>vero</span> <span class='ocrx_word' id='word_1_240' title='bbox 396 2873 438 2923; x_wconf 84' lang='lat' dir='ltr'>die</span> <span class='ocrx_word' id='word_1_241' title='bbox 456 2870 513 2934; x_wconf 80' lang='lat' dir='ltr'>FV‚</span> <span class='ocrx_word' id='word_1_242' title='bbox 532 2873 613 2934; x_wconf 84' lang='lat' dir='ltr'>[vero]</span> <span class='ocrx_word' id='word_1_243' title='bbox 632 2869 675 2921; x_wconf 85' lang='lat' dir='ltr'>UT</span> <span class='ocrx_word' id='word_1_244' title='bbox 762 2873 917 2936; x_wconf 71' lang='lat' dir='ltr'>bracchiisq.</span> <span class='ocrx_word' id='word_1_245' title='bbox 937 2870 972 2931; x_wconf 87' lang='grc' dir='ltr'>Τ,</span> <span class='ocrx_word' id='word_1_246' title='bbox 998 2871 1159 2936; x_wconf 83' lang='lat' dir='ltr'>dredtirq.F</span> <span class='ocrx_word' id='word_1_247' title='bbox 1245 2889 1302 2924; x_wconf 80' lang='lat' dir='ltr'>aton</span> 
     </span>
    </p>
   </div>
   <div class='ocr_carea' id='block_1_6' title="bbox 227 2938 1302 3073">
    <p class='ocr_par' dir='ltr' id='par_1_6' title="bbox 227 2938 1302 3073">
     <span class='ocr_line' id='line_1_31' title="bbox 227 2938 1302 3013; baseline 0.002 -23"><span class='ocrx_word' id='word_1_248' title='bbox 227 2955 280 3007; x_wconf 81' lang='lat' dir='ltr'>quo</span> <span class='ocrx_word' id='word_1_249' title='bbox 297 2941 327 2991; x_wconf 83' lang='lat' dir='ltr'>id</span> <span class='ocrx_word' id='word_1_250' title='bbox 338 2939 392 3003; x_wconf 86' lang='lat' dir='ltr'>UV,</span> <span class='ocrx_word' id='word_1_251' title='bbox 410 2955 464 2993; x_wconf 81' lang='lat' dir='ltr'>non</span> <span class='ocrx_word' id='word_1_252' title='bbox 482 2940 554 3005; x_wconf 83' lang='lat' dir='ltr'>quod</span> <span class='ocrx_word' id='word_1_253' title='bbox 565 2938 595 3002; x_wconf 85' lang='lat' dir='ltr'>T,</span> <span class='ocrx_word' id='word_1_254' title='bbox 612 2954 668 2989; x_wconf 82' lang='lat' dir='ltr'>nort</span> <span class='ocrx_word' id='word_1_255' title='bbox 686 2938 769 3004; x_wconf 83' lang='lat' dir='ltr'>qucF</span> <span class='ocrx_word' id='word_1_256' title='bbox 821 2943 894 3005; x_wconf 74' lang='lat' dir='ltr'>regis</span> <span class='ocrx_word' id='word_1_257' title='bbox 911 2939 1039 2991; x_wconf 85' lang='lat' dir='ltr'>cartraV</span> <span class='ocrx_word' id='word_1_258' title='bbox 1093 2945 1116 2993; x_wconf 81' lang='lat' dir='ltr'>t.</span> <span class='ocrx_word' id='word_1_259' title='bbox 1135 2956 1165 2991; x_wconf 87' lang='lat' dir='ltr'>eo</span> <span class='ocrx_word' id='word_1_260' title='bbox 1179 2957 1260 2992; x_wconf 81' lang='lat' dir='ltr'>curru</span> <span class='ocrx_word' id='word_1_261' title='bbox 1271 2945 1302 3013; x_wconf 80' lang='grc' dir='ltr'>β,</span> 
     </span>
     <span class='ocr_line' id='line_1_32' title="bbox 228 3005 1076 3073; baseline 0.002 -14"><span class='ocrx_word' id='word_1_262' title='bbox 228 3009 317 3059; x_wconf 84' lang='lat' dir='ltr'>eodem</span> <span class='ocrx_word' id='word_1_263' title='bbox 335 3024 415 3059; x_wconf 80' lang='lat' dir='ltr'>curru</span> <span class='ocrx_word' id='word_1_264' title='bbox 433 3007 462 3059; x_wconf 88' lang='lat' dir='ltr'>R.</span> <span class='ocrx_word' id='word_1_265' title='bbox 481 3007 556 3059; x_wconf 84' lang='lat' dir='ltr'>Schu.</span> <span class='ocrx_word' id='word_1_266' title='bbox 576 3007 627 3073; x_wconf 87' lang='lat' dir='ltr'>vgl.</span> <span class='ocrx_word' id='word_1_267' title='bbox 646 3005 677 3059; x_wconf 88' lang='lat' dir='ltr'>Vl</span> <span class='ocrx_word' id='word_1_268' title='bbox 696 3010 737 3072; x_wconf 81' lang='grc'>31,</span> <span class='ocrx_word' id='word_1_269' title='bbox 756 3011 767 3060; x_wconf 90' lang='grc'><strong>1</strong></span> <span class='ocrx_word' id='word_1_270' title='bbox 789 3008 839 3060; x_wconf 88' lang='lat' dir='ltr'>und</span> <span class='ocrx_word' id='word_1_271' title='bbox 859 3010 883 3070; x_wconf 79' lang='lat'>2,</span> <span class='ocrx_word' id='word_1_272' title='bbox 901 3010 976 3072; x_wconf 83' lang='lat'>35,4</span> <span class='ocrx_word' id='word_1_273' title='bbox 1071 3033 1076 3042; x_wconf 83' lang='lat'><em>·</em></span> 
     </span>
    </p>
   </div>
   <div class='ocr_carea' id='block_1_7' title="bbox 225 3175 1301 3992">
    <p class='ocr_par' dir='ltr' id='par_1_7' title="bbox 225 3175 1301 3922">
     <span class='ocr_line' id='line_1_33' title="bbox 261 3175 1300 3246; baseline 0.002 -20"><span class='ocrx_word' id='word_1_274' title='bbox 261 3179 407 3241; x_wconf 81' lang='lat' dir='ltr'>repentino.</span> <span class='ocrx_word' id='word_1_275' title='bbox 450 3175 500 3228; x_wconf 86' lang='lat' dir='ltr'>llas</span> <span class='ocrx_word' id='word_1_276' title='bbox 520 3175 675 3229; x_wconf 64' lang='lat' dir='ltr'>adverbium</span> <span class='ocrx_word' id='word_1_277' title='bbox 697 3193 737 3227; x_wconf 69' lang='lat' dir='ltr'>re</span> <span class='ocrx_word' id='word_1_278' title='bbox 787 3177 898 3229; x_wconf 81' lang='lat' dir='ltr'>Romam</span> <span class='ocrx_word' id='word_1_279' title='bbox 907 3178 1107 3243; x_wconf 78' lang='lat' dir='ltr'>pertenderunt.</span> <span class='ocrx_word' id='word_1_280' title='bbox 1135 3176 1300 3246; x_wconf 80' lang='lat' dir='ltr'>llerllampl-</span> 
     </span>
     <span class='ocr_line' id='line_1_34' title="bbox 225 3243 1301 3313; baseline 0.002 -19"><span class='ocrx_word' id='word_1_281' title='bbox 225 3247 336 3308; x_wconf 83' lang='lat' dir='ltr'>pontino</span> <span class='ocrx_word' id='word_1_282' title='bbox 354 3243 452 3296; x_wconf 90' lang='lat' dir='ltr'>kommt</span> <span class='ocrx_word' id='word_1_283' title='bbox 470 3245 511 3296; x_wconf 91' lang='lat' dir='ltr'>bei</span> <span class='ocrx_word' id='word_1_284' title='bbox 524 3245 601 3296; x_wconf 71' lang='lat' dir='ltr'>cesar</span> <span class='ocrx_word' id='word_1_285' title='bbox 619 3245 668 3296; x_wconf 92' lang='lat' dir='ltr'>und</span> <span class='ocrx_word' id='word_1_286' title='bbox 688 3245 737 3296; x_wconf 86' lang='lat' dir='ltr'>den</span> <span class='ocrx_word' id='word_1_287' title='bbox 788 3245 857 3313; x_wconf 88' lang='lat' dir='ltr'>platz</span> <span class='ocrx_word' id='word_1_288' title='bbox 875 3247 910 3297; x_wconf 87' lang='lat' dir='ltr'>ist</span> <span class='ocrx_word' id='word_1_289' title='bbox 927 3247 992 3297; x_wconf 84' lang='lat' dir='ltr'>noclr</span> <span class='ocrx_word' id='word_1_290' title='bbox 1012 3246 1082 3297; x_wconf 87' lang='lat' dir='ltr'>nicht</span> <span class='ocrx_word' id='word_1_291' title='bbox 1099 3246 1146 3296; x_wconf 91' lang='lat' dir='ltr'>mit</span> <span class='ocrx_word' id='word_1_292' title='bbox 1158 3245 1301 3298; x_wconf 88' lang='lat' dir='ltr'>Slcherheit</span> 
     </span>
     <span class='ocr_line' id='line_1_35' title="bbox 227 3311 1300 3378; baseline 0.002 -16"><span class='ocrx_word' id='word_1_293' title='bbox 227 3311 388 3364; x_wconf 82' lang='lat' dir='ltr'>Fortsetzern</span> <span class='ocrx_word' id='word_1_294' title='bbox 401 3320 474 3364; x_wconf 87' lang='lat' dir='ltr'>sonst</span> <span class='ocrx_word' id='word_1_295' title='bbox 486 3313 556 3366; x_wconf 89' lang='lat' dir='ltr'>nieht</span> <span class='ocrx_word' id='word_1_296' title='bbox 568 3328 615 3364; x_wconf 86' lang='lat' dir='ltr'>vor</span> <span class='ocrx_word' id='word_1_297' title='bbox 627 3314 656 3378; x_wconf 88' lang='lat' dir='ltr'>(ll</span> <span class='ocrx_word' id='word_1_298' title='bbox 667 3316 708 3376; x_wconf 83' lang='lat'>33,</span> <span class='ocrx_word' id='word_1_299' title='bbox 722 3315 737 3364; x_wconf 82' lang='lat'>2</span> <span class='ocrx_word' id='word_1_300' title='bbox 788 3313 921 3376; x_wconf 86' lang='lat' dir='ltr'>ermittell,</span> <span class='ocrx_word' id='word_1_301' title='bbox 941 3311 1032 3364; x_wconf 83' lang='lat' dir='ltr'>Stollel</span> <span class='ocrx_word' id='word_1_302' title='bbox 1051 3313 1126 3365; x_wconf 88' lang='lat' dir='ltr'>sucht</span> <span class='ocrx_word' id='word_1_303' title='bbox 1143 3314 1186 3366; x_wconf 86' lang='lat' dir='ltr'>ilru</span> <span class='ocrx_word' id='word_1_304' title='bbox 1205 3315 1245 3366; x_wconf 86' lang='lat' dir='ltr'>bel</span> <span class='ocrx_word' id='word_1_305' title='bbox 1262 3313 1300 3366; x_wconf 89' lang='lat' dir='ltr'>Jl·</span> 
     </span>
     <span class='ocr_line' id='line_1_36' title="bbox 227 3380 1299 3451; baseline 0.002 -19"><span class='ocrx_word' id='word_1_306' title='bbox 227 3382 261 3432; x_wconf 89' lang='lat' dir='ltr'>ist</span> <span class='ocrx_word' id='word_1_307' title='bbox 272 3381 319 3430; x_wconf 90' lang='lat' dir='ltr'>mit</span> <span class='ocrx_word' id='word_1_308' title='bbox 332 3383 353 3451; x_wconf 80' lang='grc' dir='ltr'><em>β</em></span> <span class='ocrx_word' id='word_1_309' title='bbox 364 3386 472 3447; x_wconf 78' lang='lat' dir='ltr'>repente</span> <span class='ocrx_word' id='word_1_310' title='bbox 484 3397 514 3433; x_wconf 87' lang='lat' dir='ltr'>zu</span> <span class='ocrx_word' id='word_1_311' title='bbox 527 3380 680 3446; x_wconf 85' lang='lat' dir='ltr'>schreiben),</span> <span class='ocrx_word' id='word_1_312' title='bbox 694 3383 737 3432; x_wconf 90' lang='lat' dir='ltr'>da·</span> <span class='ocrx_word' id='word_1_313' title='bbox 789 3381 856 3447; x_wconf 86' lang='lat' dir='ltr'>kam,</span> <span class='ocrx_word' id='word_1_314' title='bbox 876 3385 923 3433; x_wconf 89' lang='lat' dir='ltr'>tto</span> <span class='ocrx_word' id='word_1_315' title='bbox 940 3381 983 3432; x_wconf 85' lang='lat' dir='ltr'>lun</span> <span class='ocrx_word' id='word_1_316' title='bbox 1002 3397 1051 3432; x_wconf 83' lang='lat' dir='ltr'>von</span> <span class='ocrx_word' id='word_1_317' title='bbox 1071 3381 1223 3434; x_wconf 78' lang='lat' dir='ltr'>Alexandria</span> <span class='ocrx_word' id='word_1_318' title='bbox 1245 3388 1299 3434; x_wconf 89' lang='lat' dir='ltr'>ent·</span> 
     </span>
     <span class='ocr_line' id='line_1_37' title="bbox 226 3448 863 3516; baseline 0 -16"><span class='ocrx_word' id='word_1_319' title='bbox 226 3465 281 3500; x_wconf 91' lang='lat' dir='ltr'>rum</span> <span class='ocrx_word' id='word_1_320' title='bbox 300 3449 334 3500; x_wconf 90' lang='lat' dir='ltr'>ist</span> <span class='ocrx_word' id='word_1_321' title='bbox 351 3448 406 3500; x_wconf 89' lang='lat' dir='ltr'>hier</span> <span class='ocrx_word' id='word_1_322' title='bbox 428 3451 568 3516; x_wconf 80' lang='lat' dir='ltr'>repentino</span> <span class='ocrx_word' id='word_1_323' title='bbox 586 3449 624 3501; x_wconf 86' lang='lat' dir='ltr'>als</span> <span class='ocrx_word' id='word_1_324' title='bbox 642 3449 738 3514; x_wconf 85' lang='lat' dir='ltr'>Adjek-</span> <span class='ocrx_word' id='word_1_325' title='bbox 789 3450 863 3502; x_wconf 87' lang='lat' dir='ltr'>lernt.</span> 
     </span>
     <span class='ocr_line' id='line_1_38' title="bbox 227 3511 1296 3581; baseline -0.002 -11"><span class='ocrx_word' id='word_1_326' title='bbox 227 3518 307 3570; x_wconf 88' lang='lat' dir='ltr'>tivum</span> <span class='ocrx_word' id='word_1_327' title='bbox 326 3516 372 3568; x_wconf 88' lang='lat' dir='ltr'>mit</span> <span class='ocrx_word' id='word_1_328' title='bbox 387 3531 486 3581; x_wconf 81' lang='lat' dir='ltr'>aggere</span> <span class='ocrx_word' id='word_1_329' title='bbox 504 3533 535 3568; x_wconf 90' lang='lat' dir='ltr'>zu</span> <span class='ocrx_word' id='word_1_330' title='bbox 553 3517 692 3569; x_wconf 86' lang='lat' dir='ltr'>verblnden</span> <span class='ocrx_word' id='word_1_331' title='bbox 705 3543 738 3562; x_wconf 83' lang='lat'>=</span> <span class='ocrx_word' id='word_1_332' title='bbox 824 3520 847 3570; x_wconf 89' lang='lat'>3.</span> <span class='ocrx_word' id='word_1_333' title='bbox 864 3519 896 3568; x_wconf 86' lang='lat' dir='ltr'>ad</span> <span class='ocrx_word' id='word_1_334' title='bbox 915 3533 946 3567; x_wconf 82' lang='lat' dir='ltr'>ea</span> <span class='ocrx_word' id='word_1_335' title='bbox 964 3518 1092 3567; x_wconf 82' lang='lat' dir='ltr'>victoria:</span> <span class='ocrx_word' id='word_1_336' title='bbox 1107 3511 1184 3568; x_wconf 81' lang='lat' dir='ltr'>‘uach</span> <span class='ocrx_word' id='word_1_337' title='bbox 1202 3516 1296 3569; x_wconf 80' lang='lat' dir='ltr'>diesem</span> 
     </span>
     <span class='ocr_line' id='line_1_39' title="bbox 227 3579 1298 3652; baseline 0 -16"><span class='ocrx_word' id='word_1_338' title='bbox 227 3584 271 3637; x_wconf 88' lang='lat' dir='ltr'>der</span> <span class='ocrx_word' id='word_1_339' title='bbox 284 3585 380 3638; x_wconf 89' lang='lat' dir='ltr'>schnell</span> <span class='ocrx_word' id='word_1_340' title='bbox 394 3584 542 3652; x_wconf 82' lang='lat' dir='ltr'>anlgerallte</span> <span class='ocrx_word' id='word_1_341' title='bbox 556 3585 655 3637; x_wconf 86' lang='lat' dir='ltr'>Schutt.</span> <span class='ocrx_word' id='word_1_342' title='bbox 678 3583 735 3652; x_wconf 86' lang='lat' dir='ltr'>Vgl.</span> <span class='ocrx_word' id='word_1_343' title='bbox 788 3579 884 3651; x_wconf 88' lang='lat' dir='ltr'>Siege’‚</span> <span class='ocrx_word' id='word_1_344' title='bbox 902 3585 954 3650; x_wconf 85' lang='lat' dir='ltr'>vgl.</span> <span class='ocrx_word' id='word_1_345' title='bbox 972 3585 980 3636; x_wconf 99' lang='lat' dir='ltr'>l</span> <span class='ocrx_word' id='word_1_346' title='bbox 1000 3585 1051 3647; x_wconf 78' lang='lat'>125,</span> <span class='ocrx_word' id='word_1_347' title='bbox 1071 3590 1082 3637; x_wconf 90' lang='lat' dir='ltr'>t</span> <span class='ocrx_word' id='word_1_348' title='bbox 1099 3585 1198 3637; x_wconf 80' lang='lat' dir='ltr'>Caesar·</span> <span class='ocrx_word' id='word_1_349' title='bbox 1211 3587 1243 3636; x_wconf 84' lang='lat' dir='ltr'>ab</span> <span class='ocrx_word' id='word_1_350' title='bbox 1256 3586 1298 3636; x_wconf 82' lang='lat' dir='ltr'>de·</span> 
     </span>
     <span class='ocr_line' id='line_1_40' title="bbox 227 3653 1298 3718; baseline 0 -14"><span class='ocrx_word' id='word_1_351' title='bbox 227 3653 279 3706; x_wconf 90' lang='lat' dir='ltr'>le.</span> <span class='ocrx_word' id='word_1_352' title='bbox 299 3657 339 3717; x_wconf 86' lang='grc'>41,</span> <span class='ocrx_word' id='word_1_353' title='bbox 356 3656 394 3718; x_wconf 87' lang='grc'>10,</span> <span class='ocrx_word' id='word_1_354' title='bbox 408 3656 423 3706; x_wconf 87' lang='grc'>3</span> <span class='ocrx_word' id='word_1_355' title='bbox 437 3656 571 3704; x_wconf 63' lang='lat' dir='ltr'>eaerulus</span> <span class='ocrx_word' id='word_1_356' title='bbox 582 3657 738 3718; x_wconf 78' lang='lat' dir='ltr'>repentinas</span> <span class='ocrx_word' id='word_1_357' title='bbox 787 3655 990 3718; x_wconf 79' lang='lat' dir='ltr'>cimaelegr&#39;onir</span> <span class='ocrx_word' id='word_1_358' title='bbox 998 3655 1182 3704; x_wconf 75' lang='lat' dir='ltr'>cohortatione</span> <span class='ocrx_word' id='word_1_359' title='bbox 1191 3655 1228 3706; x_wconf 85' lang='lat' dir='ltr'>ud</span> <span class='ocrx_word' id='word_1_360' title='bbox 1236 3655 1298 3704; x_wconf 70' lang='lat' dir='ltr'>deo·</span> 
     </span>
     <span class='ocr_line' id='line_1_41' title="bbox 226 3719 1205 3787; baseline 0.003 -15"><span class='ocrx_word' id='word_1_361' title='bbox 226 3726 253 3772; x_wconf 84' lang='lat' dir='ltr'>et</span> <span class='ocrx_word' id='word_1_362' title='bbox 275 3722 479 3786; x_wconf 80' lang='lat' dir='ltr'>tumultuarius,</span> <span class='ocrx_word' id='word_1_363' title='bbox 502 3721 566 3773; x_wconf 88' lang='lat' dir='ltr'>dazu</span> <span class='ocrx_word' id='word_1_364' title='bbox 590 3719 633 3772; x_wconf 86' lang='lat' dir='ltr'>Vll</span> <span class='ocrx_word' id='word_1_365' title='bbox 656 3724 697 3785; x_wconf 80' lang='grc'>22,</span> <span class='ocrx_word' id='word_1_366' title='bbox 721 3725 737 3774; x_wconf 83' lang='grc'>4</span> <span class='ocrx_word' id='word_1_367' title='bbox 789 3729 862 3774; x_wconf 84' lang='lat' dir='ltr'>trum</span> <span class='ocrx_word' id='word_1_368' title='bbox 882 3737 966 3772; x_wconf 84' lang='lat' dir='ltr'>cornu</span> <span class='ocrx_word' id='word_1_369' title='bbox 983 3719 1120 3787; x_wconf 77' lang='lat' dir='ltr'>profectus</span> <span class='ocrx_word' id='word_1_370' title='bbox 1139 3738 1162 3774; x_wconf 92' lang='lat' dir='ltr'>u.</span> <span class='ocrx_word' id='word_1_371' title='bbox 1181 3727 1205 3775; x_wconf 85' lang='grc' dir='ltr'>ὅ.</span> 
     </span>
     <span class='ocr_line' id='line_1_42' title="bbox 227 3790 1297 3855; baseline 0.001 -16"><span class='ocrx_word' id='word_1_372' title='bbox 227 3794 357 3855; x_wconf 81' lang='lat' dir='ltr'>quantum</span> <span class='ocrx_word' id='word_1_373' title='bbox 391 3793 439 3841; x_wconf 77' lang='grc' dir='ltr'>Ιιαε</span> <span class='ocrx_word' id='word_1_374' title='bbox 465 3795 554 3840; x_wconf 80' lang='lat' dir='ltr'>turres</span> <span class='ocrx_word' id='word_1_375' title='bbox 585 3791 738 3842; x_wconf 79' lang='lat' dir='ltr'>cotidianus</span> <span class='ocrx_word' id='word_1_376' title='bbox 822 3793 846 3842; x_wconf 84' lang='lat'>5.</span> <span class='ocrx_word' id='word_1_377' title='bbox 856 3790 1035 3840; x_wconf 82' lang='lat' dir='ltr'>demonstravi</span> <span class='ocrx_word' id='word_1_378' title='bbox 1045 3791 1085 3853; x_wconf 82' lang='lat'>28,</span> <span class='ocrx_word' id='word_1_379' title='bbox 1096 3792 1119 3854; x_wconf 83' lang='lat'>4,</span> <span class='ocrx_word' id='word_1_380' title='bbox 1130 3790 1199 3843; x_wconf 90' lang='lat' dir='ltr'>diese</span> <span class='ocrx_word' id='word_1_381' title='bbox 1209 3791 1297 3854; x_wconf 77' lang='lat' dir='ltr'>rierte,</span> 
     </span>
     <span class='ocr_line' id='line_1_43' title="bbox 227 3857 1298 3922; baseline 0.001 -14"><span class='ocrx_word' id='word_1_382' title='bbox 227 3871 312 3922; x_wconf 82' lang='lat' dir='ltr'>agger</span> <span class='ocrx_word' id='word_1_383' title='bbox 331 3863 506 3922; x_wconf 72' lang='lat' dir='ltr'>represserat.</span> <span class='ocrx_word' id='word_1_384' title='bbox 789 3857 885 3922; x_wconf 86' lang='lat' dir='ltr'>cllene,</span> <span class='ocrx_word' id='word_1_385' title='bbox 912 3857 981 3910; x_wconf 86' lang='lat' dir='ltr'>Seite</span> <span class='ocrx_word' id='word_1_386' title='bbox 1009 3857 1042 3909; x_wconf 91' lang='lat' dir='ltr'>ist</span> <span class='ocrx_word' id='word_1_387' title='bbox 1067 3857 1124 3909; x_wconf 91' lang='lat' dir='ltr'>dort</span> <span class='ocrx_word' id='word_1_388' title='bbox 1150 3860 1218 3910; x_wconf 84' lang='lat' dir='ltr'>niclrt</span> <span class='ocrx_word' id='word_1_389' title='bbox 1242 3873 1298 3909; x_wconf 86' lang='lat' dir='ltr'>ans-</span> 
     </span>
    </p>

    <p class='ocr_par' dir='ltr' id='par_1_8' title="bbox 260 3923 1059 3992">
     <span class='ocr_line' id='line_1_44' title="bbox 260 3923 1059 3992; baseline -0.003 -14"><span class='ocrx_word' id='word_1_390' title='bbox 260 3923 305 3987; x_wconf 75' lang='lat'>80,</span> <span class='ocrx_word' id='word_1_391' title='bbox 319 3927 341 3978; x_wconf 88' lang='lat'>1.</span> <span class='ocrx_word' id='word_1_392' title='bbox 352 3927 489 3990; x_wconf 80' lang='lat' dir='ltr'>pertendit</span> <span class='ocrx_word' id='word_1_393' title='bbox 500 3925 551 3992; x_wconf 84' lang='lat' dir='ltr'>vgl.</span> <span class='ocrx_word' id='word_1_394' title='bbox 564 3923 617 3977; x_wconf 85' lang='lat' dir='ltr'>le.</span> <span class='ocrx_word' id='word_1_395' title='bbox 631 3927 655 3991; x_wconf 84' lang='lat'>5,</span> <span class='ocrx_word' id='word_1_396' title='bbox 668 3927 691 3990; x_wconf 84' lang='grc'>8,</span> <span class='ocrx_word' id='word_1_397' title='bbox 707 3929 737 3978; x_wconf 83' lang='grc'>12</span> <span class='ocrx_word' id='word_1_398' title='bbox 789 3925 918 3978; x_wconf 83' lang='lat' dir='ltr'>drdcltlieh</span> <span class='ocrx_word' id='word_1_399' title='bbox 939 3931 1059 3992; x_wconf 76' lang='lat' dir='ltr'>genennt.</span> 
     </span>
    </p>
   </div>
   <div class='ocr_carea' id='block_1_8' title="bbox 421 4164 613 4250">
    <p class='ocr_par' dir='ltr' id='par_1_9' title="bbox 421 4164 613 4250">
     <span class='ocr_line' id='line_1_45' title="bbox 421 4164 613 4250; baseline 0 -48"><span class='ocrx_word' id='word_1_400' title='bbox 421 4164 613 4250; x_wconf 44' lang='grc' dir='ltr'>ἢ</span> 
     </span>
    </p>
   </div>
   <div class='ocr_carea' id='block_1_9' title="bbox 0 0 1439 4572">
    <p class='ocr_par' dir='ltr' id='par_1_10' title="bbox 0 0 1439 4572">
     <span class='ocr_line' id='line_1_46' title="bbox 0 0 1439 4572; baseline 0 0"><span class='ocrx_word' id='word_1_401' title='bbox 0 0 1439 4572; x_wconf 95' lang='lat' dir='ltr'> </span> 
     </span>
    </p>
   </div>
  </div>
 </body>
</html>
