2860 4572
487 262 495 276 ³
578 245 685 299 CAPUT
704 248 801 302 3135.
1184 245 1223 304 29

151 433 255 478 secum
277 417 366 488 ducit,
388 417 460 479 duas
476 417 505 478 in
522 418 686 498 Aegyptum
702 419 737 480 ad
754 419 904 480 Caesarem
929 419 1018 480 mittit
1039 418 1144 482 litteris
1162 419 1225 481 eius

152 510 303 575 evocatas;
332 519 455 580 quarum
482 503 573 564 altera
596 498 650 586 [in]
674 502 752 564 bello
776 504 972 565 Alexandrino
995 523 1056 567 uon
1086 503 1224 578 occurrit,

152 587 234 664 quod
263 586 369 648 itinere
397 587 530 649 terrestri
559 605 613 668 per
635 589 747 668 Syriam
778 597 841 651 erat
869 589 966 651 missa.
1010 589 1150 668 Adiungit
1172 589 1262 650 Cn.t

152 671 299 732 Domitius
321 671 429 750 legioni
444 671 561 733 XXXVI
582 672 655 734 duas
677 673 713 734 ab
738 674 883 748 Deiotaro,
906 692 980 752 quas
1001 674 1049 735 ille
1073 673 1225 753 disciplina

151 765 241 835 atque
256 765 401 818 armatura
415 767 515 819 nostra
525 759 693 837 complures
707 777 802 820 annos
814 759 987 821 constitutas
1001 758 1128 820 babebat
1143 759 1226 838 equi·

152 851 258 920 tesque
278 841 302 902 l)
324 841 504 921 totidemque
527 843 562 904 ab
586 843 782 905 Ariobarzane
805 843 903 905 sumit.
941 844 1028 905 Mittit
1046 845 1076 904 P.
1100 844 1227 906 Sestium
1248 854 1262 902 t

152 927 190 988 ad
211 926 241 987 C.
267 925 442 988 Plaetorium
466 937 662 1006 quaestorem,
684 939 718 990 ut
740 929 886 1006 legionem
910 929 1076 1002 adduceret,
1100 948 1175 1007 quae
1190 948 1226 990 ex

152 1011 351 1073 tumultuariis
373 1011 513 1074 militibus
535 1013 565 1073 in
582 1014 678 1074 Ponto
701 1015 835 1074 conlecta
858 1023 930 1084 erat,
953 1013 1155 1092 Quintumque
1173 1015 1225 1075 Pa-

152 1097 253 1158 tisium
269 1097 301 1158 iu
318 1096 445 1158 Ciliciam
462 1099 497 1159 ad
519 1099 625 1159 auxilia
647 1098 830 1160 arcessenda.
868 1098 949 1169 Quae
968 1098 1068 1178 copiae
1092 1097 1227 1159 celeriter

153 1201 259 1244 omnes
271 1182 352 1244 iussu
364 1182 482 1244 domitii
495 1181 623 1244 Comana
634 1192 848 1245 convenerunt.
874 1183 995 1246 Interim
1008 1183 1093 1261 legati
1106 1202 1122 1243 a
1133 1183 1224 1243 Phar·
1240 1186 1277 1244 35

154 1286 229 1328 nace
249 1285 392 1347 response
415 1269 564 1330 referunt:
595 1268 778 1347 Cappadocia
800 1287 831 1330 se
853 1269 1029 1341 decessisse,
1058 1268 1226 1330 Armeniam

153 1352 298 1413 minorem
315 1353 470 1432 recepisse,
487 1371 574 1432 quam
590 1362 714 1432 paterno
730 1353 851 1414 nomine
866 1356 930 1415 iure
946 1353 1081 1415 obtinere
1096 1353 1225 1414 deberet.

155 1436 290 1515 Denique
313 1437 376 1500 eius
398 1439 482 1516 regni
505 1457 590 1500 causa
614 1439 728 1518 integra
752 1437 866 1501 Caesari
888 1447 1070 1501 servaretur:
1093 1448 1227 1519 paratum

241 1568 287 1626 34.
307 1572 330 1622 3.
355 1572 403 1633 [iu]
427 1569 551 1624 R.''Sebn.
638 1575 661 1624 t.
680 1571 731 1640 led.
749 1570 822 1633 Uli'l',
840 1572 957 1636 legiones
975 1571 1004 1634 V,
1025 1572 1126 1638 legioni

154 1641 307 1702 equitesque
320 1639 342 1689 C
355 1642 384 1709 β,
402 1643 554 1704 equitesque
567 1639 591 1688 D
607 1638 765 1692 schambach
786 1639 872 1704 Progr.
884 1638 1054 1693 Mdhlhauseu
1072 1641 1088 1692 l.
1100 1638 1147 1690 Th.
1162 1641 1226 1693 1881

153 1705 236 1826 ⁵85:713:
248 1706 319 1820 MP
367 1711 390 1759 5.
408 1705 562 1758 Fssriemv
581 1708 704 1760 Semlium
718 1707 758 1759 UF
812 1708 955 1760 Pistorium
967 1712 988 1779 β
1041 1705 1188 1760 Ciliciciam
1200 1708 1227 1771 F,

178 1789 279 1826 rreram

239 1841 285 1905 ab,
306 1845 327 1895 1.
345 1846 417 1896 iussu
439 1845 546 1908 integra
564 1843 583 1894 F

155 1943 237 1996 Deiot.
256 1945 271 2007 ᾗ
287 1945 318 1996 14
335 1944 381 1995 itte
398 1944 529 2009 Ephesum
547 1945 584 1996 ad
599 1959 665 2009 eum,
718 1959 742 1995 v.
762 1943 818 1998 Chr.
836 1942 922 1995 stellte
938 1942 1073 2007 llejotarus
1092 1943 1149 1995 dem
1167 1942 1228 1996 Pro·

156 2027 231 2077 quem
255 2019 283 2062 tu
310 2027 343 2062 eu
368 2014 421 2061 tuis
440 2011 622 2073 fidelissimum
641 2018 666 2062 et
718 2013 806 2063 consul
832 2011 919 2063 Cicero
942 2011 1011 2062 seins
1036 2026 1115 2077 gance
1139 2010 1228 2062 Streil-

153 2081 371 2144 probatissimum
389 2082 510 2130 omnibus
531 2082 666 2144 delegisti,
718 2081 803 2131 maeht
824 2094 869 2129 zur
888 2078 1049 2144 Vertngung,
1076 2079 1152 2131 deren
1180 2077 1227 2131 Be·

149 2151 296 2214 pecum'am
312 2151 392 2202 misit.
718 2150 792 2200 stand
806 2147 857 2198 Cic.
870 2147 901 2198 ad
916 2149 967 2198 Att.
982 2146 1014 2197 Vl
1029 2150 1051 2210 l,
1066 2149 1097 2198 14
1109 2147 1227 2214 angiebt:

190 2218 286 2266 litteris
299 2218 356 2266 eius
368 2221 498 2268 euocatus.
523 2215 611 2266 Gleich
624 2215 666 2266 hei
719 2217 803 2267 Habet
818 2220 906 2265 autem
924 2216 1045 2266 cohortes
1068 2215 1229 2281 quadringe-

154 2283 205 2335 den
224 2289 307 2335 ersten
327 2283 447 2336 Unruben
470 2285 495 2334 in
515 2282 684 2334 Alexandria.
718 2283 1230 2350 sumusnostrasemermemque-

155 2352 227 2402 batte
246 2351 321 2404 Cisar
339 2353 426 2404 diesen
442 2351 550 2416 Aultrag
568 2367 599 2401 an
618 2349 667 2402 Ilo·
719 2357 775 2402 tum
795 2351 848 2404 CIO
870 2349 934 2403 010.

156 2419 243 2470 mitius
254 2421 369 2486 abgehen
386 2421 479 2484 lasseu,
498 2420 549 2482 aql.
568 2422 592 2482 3,
611 2422 667 2482 101,
753 2423 777 2473 4.
799 2422 950 2485 equitesque
974 2419 1022 2470 D*.
1062 2418 1107 2470 Die
1131 2420 1156 2470 in
1180 2419 1228 2471 deu

159 2491 169 2540 l
192 2486 293 2550 Quibus
315 2490 394 2539 rebus
417 2487 610 2538 animaduersis
633 2487 667 2536 le-
721 2487 917 2540 llandschrillen
939 2486 1102 2540 ilberlielerte
1125 2488 1187 2539 zahl
1210 2489 1231 2542 G

151 2558 249 2621 giones
260 2559 312 2607 sibi
323 2557 390 2608 duas
406 2556 445 2617 lli.
457 2555 533 2608 Scbn.
546 2560 578 2608 st.
588 2555 668 2618 alies)
720 2556 761 2619 ist,
774 2557 824 2608 wie
835 2555 993 2608 schambach
1006 2556 1098 2622 riehtig
1113 2556 1229 2609 bemerlrt

157 2641 192 2674 ese
213 2625 280 2676 Asia
304 2624 403 2676 adduci
427 2627 518 2687 iussit,
546 2640 612 2688 quaa
634 2640 668 2674 erc
720 2624 776 2688 het,
801 2641 831 2675 zu
857 2623 926 2676 klein
951 2625 985 2674 im
1003 2623 1179 2677 Verhailtnisse
1198 2641 1229 2676 zu

157 2693 325 2757 Pompeianis
350 2694 481 2744 militibus
508 2690 667 2750 confeceret.
720 2691 919 2756 vierLegionen,
931 2691 982 2742 und
996 2706 1023 2742 es
1036 2692 1144 2744 istaucb
1159 2693 1230 2744 nieht

193 2776 307 2825 qrrarum
330 2761 418 2811 attere
445 2759 535 2810 bello*
552 2760 669 2812 Aleman-
720 2760 886 2821 einzuseben‚
910 2758 1023 2810 weshaib
1042 2757 1167 2811 Domitius
1186 2775 1229 2826 ge·

157 2827 238 2879 drino
255 2845 309 2880 non
326 2830 447 2880 occurrit
458 2851 490 2870 =
501 2822 562 2879 ‘von
581 2827 667 2879 diesen
719 2829 819 2894 ringere
839 2826 1047 2892 Aulorderungen
1065 2841 1098 2878 au
1116 2827 1157 2879 die
1174 2827 1230 2878 Lei-

157 2895 217 2946 lram
253 2897 309 2948 eine
345 2913 400 2948 aum
432 2895 668 2948 alexandrinischen
721 2893 937 2962 stungslirbiglreit
961 2893 1005 2945 der
1024 2894 1230 2962 Xlientellrdnige

158 2963 250 3030 llrlege
277 2964 348 3016 nicht
372 2963 443 3017 mehr
465 2956 590 3027 zurecbt’,
618 2963 669 3028 vgl.
720 2964 839 3030 gemacht
851 2963 932 3014 baben
946 2963 1030 3023 sollte,
1044 2963 1082 3014 als
1098 2962 1160 3015 kurz
1172 2978 1229 3017 ror·

158 3033 212 3085 Liv.
230 3035 272 3097 31,
290 3035 331 3095 29,
353 3036 364 3086 1
393 3033 456 3083 truie
483 3032 616 3095 (concilio)
640 3035 671 3081 ut
722 3033 766 3084 her
790 3031 942 3098 Pompejus,
969 3031 1013 3082 der
1036 3033 1070 3095 (3,
1089 3033 1113 3094 4,
1131 3033 1157 3095 3)
1179 3047 1230 3084 von

158 3106 341 3164 oecrerrerent,
367 3105 395 3151 et
414 3103 486 3165 regis
509 3099 592 3164 legati
619 3102 671 3149 iter
721 3099 855 3164 Deiotarus
865 3100 923 3163 600,
932 3098 1229 3153 vonAriobarzanesbllt]

158 3169 356 3231 adcelerasset,
375 3173 400 3218 et
418 3186 433 3218 u
452 3168 557 3218 consule
574 3170 669 3217 missus
721 3168 808 3220 Reiter
825 3167 879 3218 sich
898 3167 968 3218 hatte
986 3166 1077 3219 stelleu
1096 3167 1189 3220 lassen.

159 3277 186 3292 ..
207 3236 310 3302 legetur
326 3240 412 3298 cenit3
433 3239 472 3296 10,
484 3237 554 3300 tue
572 3239 669 3300 septem
755 3240 780 3290 5.
789 3251 823 3285 ere
830 3235 1155 3289 tumultuariismititidus.
1179 3235 1231 3288 lien

158 3305 236 3356 mitia
260 3321 387 3370 passerum
418 3320 476 3355 eum
505 3306 626 3355 adessent
654 3319 670 3354 a
721 3303 862 3370 Gegensatz
893 3302 973 3354 bildet
1003 3304 1044 3355 die
1073 3305 1232 3370 regelrechte

161 3373 295 3438 Cominio,
316 3375 435 3424 reuocati
452 3375 485 3423 ab
508 3375 565 3422 auis
582 3373 672 3422 neubi
721 3371 892 3436 Aushebung,
920 3370 971 3436 vgl.
990 3369 1136 3438 lllarquardt
1159 3372 1231 3425 Rom.

157 3441 263 3507 proelio
281 3445 469 3500 occurrentum
489 3442 530 3505 39,
540 3443 570 3502 6,
586 3441 597 3492 1
612 3441 670 3505 qui·
722 3439 969 3504 Staatrverwaltung
980 3438 1013 3489 11²
1025 3438 1052 3491 S.
1062 3441 1111 3493 383
1120 3440 1194 3490 Anm.
1208 3443 1231 3492 2.

161 3513 209 3560 dm
235 3510 431 3572 (consularibus
458 3511 579 3572 comitiis)
606 3510 670 3573 quia
755 3508 804 3559 Der
820 3507 899 3560 Name
917 3507 1026 3559 Patisius
1043 3507 1140 3559 kommt
1161 3511 1233 3560 sonst

159 3577 195 3629 M.
213 3579 380 3630 Aemilius..
395 3593 537 3632 occurrere
554 3593 609 3627 non
623 3593 671 3640 po·
723 3576 842 3642 nirgeuds
861 3592 920 3638 vor,
944 3574 1049 3626 deshalb
1074 3575 1127 3627 will
1145 3575 1232 3627 llaakb

160 3648 223 3708 tuit,
242 3645 268 3697 C.
286 3645 438 3696 Flaminius
460 3643 569 3696 Romam
590 3646 671 3695 veuit.
724 3644 815 3712 (Pauly
838 3643 955 3695 Realenc.
976 3642 1091 3708 111215)
1117 3642 1232 3696 Patiscus

160 3711 558 3779 -Welchelegiondieswar,
578 3713 670 3763 nissen
723 3712 802 3763 lesen.
837 3712 923 3763 Cicero
948 3710 1064 3762 erwiihnt
1088 3711 1161 3763 einen
1184 3710 1233 3764 Pa-

162 3782 210 3832 wir
222 3781 303 3842 nieht;
323 3781 363 3833 die
377 3779 469 3832 andere
488 3779 620 3845 (XXXVll)
636 3780 671 3830 ist
723 3781 802 3831 tiseus
820 3779 898 3843 diter,
917 3778 977 3830 aber
996 3779 1062 3830 ohne
1081 3778 1233 3832 Vornarueu.

162 3852 186 3914 9,
205 3852 220 3902 3
238 3851 357 3915 genennt.
758 3847 866 3899 Comana
897 3845 1047 3910 (deentlr)
1079 3847 1104 3898 ln
1128 3847 1233 3913 Pontus,

196 3918 263 3969 diras
278 3919 310 3968 ab
323 3917 462 3970 Heiuturo.
496 3915 531 3967 lm
549 3913 625 3968 Jahre
639 3917 668 3967 51
723 3916 774 3980 vgl.
794 3915 834 3978 35,
854 3919 877 3967 5.
