2860 4572
547 307 655 360 1141111
672 311 713 362 44.
727 311 769 364 45.
1149 307 1188 368 87

119 499 178 562 per
199 479 351 552 barbaros,
375 479 429 542 etsi
443 480 523 558 gravi
544 480 710 542 valetudine
725 481 856 543 adlectus
872 482 919 543 rix
935 482 1067 562 corporis
1080 482 1191 546 viribus

119 567 254 627 animum
278 563 465 643 sequebatur,
487 574 586 627 tamen
608 566 714 627 virtute
736 567 805 628 vicit
825 568 1045 629 incommodum
1069 576 1191 630 naturae
1222 615 1225 624 r

119 651 367 729 difficultatesque
390 659 420 712 et
437 650 542 712 hiemis
564 657 593 712 et
614 651 727 712 subitae
743 653 984 731 praeparationis.
1029 653 1102 714 Nam
1124 672 1192 714 cum
1212 664 1228 714 2

121 737 185 816 ipse
207 754 316 816 paucas
338 735 472 814 inportu
496 755 584 797 naves
598 736 701 814 longas
722 736 853 810 baberet,
875 737 987 799 litteras
1009 737 1204 816 1343133133]Ι

122 821 159 881 ad
181 821 217 891 Q.
239 820 380 881 Calenum
411 821 503 894 misit,
534 820 653 882 31131131
682 821 804 882 classem
833 823 970 883 mitteret.
1013 822 1098 894 Quod
1126 833 1230 884 cuma

122 906 234 967 tardius
256 906 350 977 fieret,
373 922 460 984 quam
482 905 646 984 periculum
664 915 832 968 nostrorum
854 907 1010 986 flagitabat,
1033 908 1084 986 qui
1104 909 1192 970 susti·

122 1009 195 1052 nere
217 991 359 1070 impetum
376 990 487 1080 petavii
510 1011 571 1052 non
587 1000 733 1070 poterant,
757 992 879 1054 navibus
901 992 1046 1066 actuariis,
1068 1011 1193 1071 quarum

120 1094 267 1137 numerus
289 1084 352 1136 erat
373 1076 442 1136 satis
467 1093 591 1154 magnus
620 1077 790 1156 magnitudo
819 1095 1004 1156 nequaquam
1026 1077 1096 1139 satis
1116 1078 1192 1139 iusta
1230 1095 1241 1130 ·.

119 1161 157 1221 ad
181 1160 397 1240 proeliandum,
419 1170 513 1222 rostra
531 1161 680 1240 imposuit.
717 1161 769 1222 llis
791 1161 935 1224 adiunctis
958 1162 1080 1224 navibus
1097 1163 1194 1242 longis
1214 1172 1230 1224 4

120 1253 151 1306 et
175 1264 300 1307 numero
323 1245 422 1306 classis
445 1255 531 1306 aucto
554 1246 695 1308 militibus
715 1248 861 1308 veteranis
882 1247 1042 1327 impositis,
1066 1266 1192 1326 quorum

120 1349 260 1408 magnam
283 1329 398 1410 copiam
420 1331 547 1391 babebat
569 1350 605 1392 ex
628 1331 766 1393 omnibus
791 1332 967 1412 legionibus,
993 1332 1044 1411 qui
1067 1351 1191 1394 numero
1222 1363 1225 1371 ·

123 1433 279 1495 aegrorum
307 1414 401 1478 relicti
424 1426 508 1476 erant
530 1415 694 1489 Brundisii,
724 1435 790 1477 oum
820 1417 967 1479 exercitus
988 1417 1018 1478 in
1043 1416 1193 1479 Graeciam

121 1500 383 1580 transportaretur,
405 1501 556 1578 proiectus
571 1503 659 1562 estin
675 1502 832 1581 Illyricum,
855 1503 1014 1564 maritimas
1035 1503 1194 1565 nonnullas

123 1586 268 1658 civitates,
299 1603 375 1664 quae
403 1587 573 1647 defecerant
599 1587 778 1665 Octavioque
806 1606 837 1649 se
863 1588 1058 1662 tradiderant,
1086 1588 1192 1667 partim

122 1670 293 1750 recipiebat,
317 1672 423 1749 partim
445 1681 633 1733 remanentes
655 1671 1194 1752 1333333331113333313333133133133

122 1756 259 1817 3333111
287 1756 375 1816 ullius
396 1756 439 1816 rei
470 1775 582 1816 moram
612 1757 877 1836 necessitatemque
904 1758 1093 1836 iniungebat,
1124 1759 1231 1837 quint

122 1859 212 1920 quam
235 1841 387 1902 celerrime
410 1853 511 1920 posset
532 1843 628 1920 ipsum
652 1843 802 1904 Octavium
829 1850 1066 1922 persequeretur.
1107 1842 1194 1904 11333
1215 1852 1231 1904 t

121 1934 345 2007 oppugnantem
361 1925 542 2005 Epidaurum
557 1936 636 1988 terra
651 1927 793 2006 marique,
817 1926 867 1988 ubi
884 1935 1018 1988 nostrum
1034 1935 1096 1988 erat
1110 1946 1194 2007 prae-

119 2013 239 2085 sidium,
262 2012 388 2072 adventu
409 2030 462 2072 suo
485 2011 636 2073 discedere
657 2012 694 2072 ab
722 2012 944 2091 oppugnatione
966 2011 1062 2090 coegit
1084 2012 1194 2090 praesi-

122 2097 265 2175 diumque
293 2105 427 2158 nostrum
457 2098 578 2176 recepit.
624 2097 774 2170 Octavius,
804 2116 869 2159 cum
897 2096 1042 2157 Vatinium
1071 2096 1192 2158 classem
1207 2101 1246 2160 45

119 2200 230 2262 magna
260 2200 295 2242 ex
322 2190 404 2260 parte
433 2183 597 2243 confectam
620 2201 656 2243 ex
684 2182 824 2244 naviculis
850 2181 985 2243 actuariis
1013 2181 1121 2243 habere
1143 2201 1194 2243 co·
1226 2235 1229 2242 .

121 2275 256 2347 gnosset,
278 2267 409 2328 confisus
427 2284 478 2328 sua
495 2267 586 2328 classe
601 2267 731 2328 substitit
748 2268 783 2328 ad
804 2266 929 2328 insulam
944 2266 1116 2340 Tauridem;
1139 2285 1196 2346 qua
1218 2277 1233 2327 2

122 2353 247 2432 regione
270 2351 402 2412 13113133
423 2352 585 2430 insequens
615 2351 782 2432 navigabat,
813 2371 874 2413 333
898 2370 957 2430 quo
981 2352 1132 2413 Octavium
1154 2353 1195 2413 ibi

124 2436 266 2498 restitisse
295 2437 399 2511 sciret,
431 2437 481 2498 sed
511 2438 588 2516 quod
618 2455 686 2498 eum
716 2436 833 2517 longius
862 2455 1051 2516 progressum
1080 2437 1196 2516 insequi
1226 2466 1230 2497 t
1256 2501 1257 2504 ,

126 2521 303 2583 decreverat.
348 2521 420 2582 Cum
449 2522 571 2602 propius¹
594 2522 750 2584 Tauridem
778 2523 949 2584 accessisset
976 2523 1115 2602 dispersis
1138 2523 1234 2584 suist

128 2607 262 2680 navibus,
294 2607 371 2684 quod
395 2615 424 2666 et
446 2615 604 2686 tempestas
626 2617 688 2669 erat
715 2607 885 2669 turbulenta
908 2616 938 2668 et
966 2607 1045 2668 nulla
1067 2608 1196 2686 suspicio
1224 2629 1227 2642 ·

127 2691 228 2766 bostis,
252 2700 373 2770 repente
397 2691 545 2754 adversam
566 2693 602 2753 ad
624 2712 655 2754 se
677 2694 843 2754 venientem
867 2711 968 2754 navem
992 2694 1139 2754 antemnis
1161 2692 1197 2753 ad

71 2879 79 2890 .
213 2839 258 2906 44,
275 2844 299 2895 2.
318 2842 413 2906 longae
429 2842 545 2892 333331
631 2845 661 2893 13
682 2840 1044 2908 Α3133133331333031.111
1136 2840 1197 2892 Cae-

125 2907 254 2962 1333331
340 2913 382 2960 311
399 2908 453 2975 111,
471 2915 501 2960 31
518 2909 563 2960 11
664 2913 686 2963 3.
706 2915 764 2962 arat
780 2909 943 2961 numerand
1011 2910 1197 2974 magnitudine

125 2993 287 3046 quamquam
305 2993 359 3029 333
378 2977 516 3042 1333131311
533 2979 559 3028 13
578 2977 633 3043 11)
651 2981 716 3030 33113
733 2981 805 3029 iusta
822 2976 976 3042 (1331311)
993 2980 1021 3048 β,
1038 2977 1196 3041 magnitudo

122 3062 293 3112 naquaquam
311 3049 467 3097 3311313313
485 3046 576 3098 Larsen
594 3061 619 3112 p.
639 3049 679 3098 21.
766 3051 789 3100 4.
809 3048 862 3096 Har
880 3047 938 3110 (His
955 3044 987 3110 T)
1005 3045 1150 3110 adpunctas
1167 3047 1195 3115 β,

123 3116 173 3168 His
192 3116 329 3165 adiunctis
346 3113 516 3166 Vascosanus.
605 3115 706 3166 Illirico
725 3113 746 3164 1

211 3181 299 3246 45,1.
323 3198 382 3232 eam
401 3180 506 3234 Vaut
593 3181 779 3247 3133333111,
804 3179 946 3233 31333311
1033 3179 1197 3245 magaamF
1290 3191 1292 3194 ·

178 3252 202 3302 2.
220 3266 275 3301 333
293 3249 438 3316 3331111,
460 3265 514 3300 333
533 3266 584 3316 qua
603 3248 647 3300 TV
733 3247 886 3301 1510311
964 3250 987 3300 3.
1005 3247 1198 3314 3113133313111,

127 3319 251 3370 dicteriis
267 3316 320 3383 TV,
339 3319 465 3384 3113333313
482 3317 629 3385 Nipperdey

162 3434 209 3486 1113
229 3433 316 3486 113313
340 3439 459 3487 animum
480 3439 639 3502 sequabatur
690 3435 802 3498 worden,
820 3435 873 3501 vgl.
892 3437 915 3498 3,
935 3439 975 3500 55,
995 3439 1018 3488 1.

127 3503 187 3555 sind
205 3503 272 3554 333131
290 3504 417 3555 verderbt.
723 3507 746 3556 6.
764 3503 905 3569 Epidaurus
924 3503 958 3554 ist
975 3502 1021 3556 das
1033 3502 1136 3568 beutige
1148 3504 1197 3556 Ra·

159 3574 378 3638 praeparationis
406 3573 459 3638 331.
488 3570 601 3625 Velleius
627 3573 637 3623 l
689 3586 750 3638 guse
769 3571 874 3623 veccbia
892 3573 917 3622 in
936 3570 1085 3622 Dalmatica.

126 3641 168 3702 12,
188 3641 203 3692 6
221 3645 269 3690 aut
286 3641 382 3691 bellam
399 3643 470 3691 13133·
489 3657 532 3692 333
553 3655 638 3706 popa·
721 3637 1197 3703 45,1.133313131311313311333313.

126 3710 173 3773 133,
192 3713 241 3759 331
259 3709 322 3758 totta
335 3711 521 3774 praeparatio,
539 3715 587 3759 331
597 3712 638 3759 ia·
722 3710 746 3759 3.
765 3711 896 3758 33133313
914 3707 1081 3759 admediana
1098 3710 1198 3760 3331333

124 3776 181 3839 fida
194 3792 256 3842 paa·
273 3774 337 3836 fait.
688 3777 814 3827 3133313313.
854 3771 992 3827 ‘Wihrend
1020 3790 1111 3827 uasere
1139 3775 1199 3828 See·

162 3846 184 3896 2.
206 3843 235 3904 Q.
260 3842 347 3895 Fufius
372 3844 480 3896 Galenus
507 3859 559 3894 war
586 3859 637 3895 von
689 3844 758 3895 laute
780 3843 821 3895 die
839 3843 916 3909 Segel
938 3843 978 3894 bei
1003 3843 1068 3894 allzu
1087 3844 1198 3896 steritem

127 3910 204 3964 111333
230 3911 350 3963 3131333331
375 3912 419 3964 der
442 3911 571 3964 Elocltade
596 3911 637 3964 bei
690 3910 1199 3979 111331333301333333113333331331133),

125 3978 294 4048 Dyrrachium
314 3980 377 4031 nach
393 3979 487 4032 Achaia
506 3979 638 4046 geschiclrt
690 3979 777 4031 thaten
795 3995 822 4031 33
841 3979 882 4031 die
900 3978 1023 4031 Griecben
1041 3979 1092 4032 und
1106 3979 1199 4033 Rdmer
