2860 4572
571 275 678 330 CAPUT
696 281 736 333 69.
756 282 796 333 to.
1172 278 1211 337 57

142 461 296 530 tatumquc
319 467 437 513 omnem
460 449 495 510 ad
517 449 627 511 bellum
655 451 818 530 gerendum
840 451 985 513 adducere
1006 451 1098 514 iussit.
1143 452 1216 515 Cum
1228 465 1268 522 ba

143 539 173 600 in
191 538 320 599 Pontum
342 535 472 598 venisset
486 536 643 615 copiasque
659 554 764 598 omnes
785 536 816 597 iu
838 537 1047 619 uuumlocum
1063 539 1215 618 coegisset,

145 641 219 703 quae
249 640 375 684 numero
405 629 493 699 atquc
525 621 733 683 exercitatione
763 621 907 683 bellorum
938 623 1102 685 mediocres
1132 633 1217 686 erant

145 712 279 788 (excepta
302 707 382 768 euim
411 705 527 785 legione
550 716 646 780 sexta,
677 725 764 786 quam
787 725 887 768 secum
909 708 1069 770 abduxerat
1090 709 1216 770 Alexan-

145 792 208 854 dria
229 801 397 854 veteranam
412 790 511 852 multis
532 790 684 853 laboribus
700 792 898 872 periculisque
914 794 1045 854 iunctam
1060 794 1217 873 multisque

145 877 285 939 militibus
306 877 413 958 partim
442 877 613 938 difficultate
641 877 780 938 itinerum
804 896 838 939 ac
866 878 1086 957 navigationum
1109 880 1217 958 partim

146 962 303 1026 crebritate
319 962 463 1024 bellorum
481 962 553 1022 adeo
572 962 761 1037 oeminutam,
784 970 818 1023 ut
839 962 938 1024 miuus
952 963 1031 1024 mille
1046 963 1217 1026 hominibus

143 1048 174 1110 in
199 1067 232 1109 ea
255 1056 341 1122 esset,
367 1046 498 1125 reliquae
520 1055 606 1108 eraut
626 1056 687 1109 tres
709 1047 857 1127 legiones,
881 1066 942 1108 una
965 1049 1109 1123 Deiotari,
1133 1049 1216 1123 duae,

144 1151 219 1213 quae
242 1133 273 1193 in
296 1151 331 1194 eo
353 1131 475 1212 proelio,
499 1133 577 1210 quod
596 1132 649 1194 Gn.
665 1132 825 1194 Domitium
848 1133 952 1194 lenisse
974 1151 1042 1194 cum
1065 1133 1217 1194 Pharnace

144 1218 326 1298 scripsimus,
348 1218 487 1292 fueraut),
509 1216 596 1297 legati
618 1235 634 1278 a
657 1218 808 1279 Pharnace
830 1218 911 1280 missi
932 1218 1085 1280 Caesarem
1108 1219 1218 1280 adeunt

145 1311 233 1382 atque
255 1303 286 1364 in
308 1303 412 1382 primis
434 1301 647 1382 deprecantur,
679 1323 717 1364 ue
739 1303 802 1365 eius
824 1302 966 1365 adventus
988 1303 1101 1366 hostilis
1124 1313 1216 1365 essct:
1240 1311 1254 1361 t

144 1389 291 1449 facturum
314 1388 393 1449 enim
410 1387 506 1449 omnia
523 1387 706 1463 Pharnacen,
729 1405 804 1467 quae
825 1389 967 1469 imperata
982 1397 1090 1451 essent.
1126 1389 1218 1450 blaxi-

143 1491 251 1553 meque
266 1472 536 1534 commemorabant
551 1473 631 1534 nulla
642 1473 814 1534 Pharnacen
828 1474 933 1535 auxilia
950 1483 1052 1535 contra
1065 1474 1217 1539 Caesarem

144 1559 285 1639 Pompeio
308 1558 377 1619 dare
398 1557 534 1631 voluisse,
556 1575 623 1619 cum
646 1558 812 1634 Deiotarus,
836 1559 886 1637 qui
909 1558 1046 1633 dedisset,
1068 1568 1166 1620 umen
1191 1559 1217 1620 ei

144 1644 342 1705 satisfecisset.
387 1642 494 1704 Caesar
515 1643 668 1722 respondit
689 1663 721 1705 se
743 1646 806 1705 fore
832 1645 1040 1724 aequissimum
1063 1644 1217 1714 Pharnaci,
1233 1647 1268 1703 td

145 1729 170 1790 si
193 1745 268 1807 quae
289 1727 480 1807 polliceretur
496 1737 771 1807 repraesentaturus
793 1739 881 1793 esset.
919 1729 1033 1790 Monuit
1055 1738 1162 1803 autem,
1186 1737 1254 1790 ut2

145 1811 269 1888 solebat,
292 1813 410 1875 mitibus
423 1812 520 1875 verbis
535 1815 656 1892 legatos,
679 1833 717 1876 ne
733 1822 785 1876 aut
797 1814 968 1875 Deiotarum
984 1812 1040 1875 sibi
1056 1815 1218 1886 obicerent,

146 1907 198 1960 aut
220 1898 306 1960 nimis
327 1917 362 1959 eo
376 1898 576 1977 gloriarentur
591 1898 746 1972 beneficio,
770 1899 849 1977 quod
871 1899 976 1959 auxilia
993 1899 1133 1978 Pompeio
1156 1917 1218 1959 non

144 1983 303 2046 misissent.
350 1983 424 2044 Nam
451 2002 483 2044 se
514 2001 611 2062 neque
639 1984 779 2044 libentius
811 1985 909 2044 lucere
937 1983 1095 2063 quicquam
1129 1994 1254 2062 quama

145 2068 330 2149 supplicibus
358 2069 529 2147 ignoscere,
560 2086 658 2147 neque
687 2068 906 2148 provinciarum
936 2069 1068 2148 publicas
1096 2068 1219 2129 iniurias

145 2156 317 2216 condonare
345 2153 381 2214 iis
400 2173 513 2233 posse,
543 2153 593 2231 qui
622 2154 747 2215 fuissent
775 2140 817 2213 iu‘
837 2172 868 2214 se
897 2155 1031 2215 officiosi.
1082 2153 1161 2225 Quin
1190 2153 1254 2214 idt

149 2240 255 2320 ipsum,
279 2239 359 2318 quod
382 2247 658 2313 commemorarent,
681 2238 811 2300 officium
834 2239 924 2300 fuisse
947 2239 1047 2300 utilius
1069 2238 1223 2309 Pharnaci,

150 2324 202 2402 qui
223 2324 414 2403 providisset,
441 2343 479 2384 ne
501 2323 684 2397 vinceretur,
715 2341 802 2403 quam
825 2323 896 2398 sibi,
925 2325 973 2386 cui
995 2324 1023 2385 di
1045 2324 1225 2387 immortales

149 2409 298 2470 victoriam
337 2409 521 2471 tribuissent.
571 2407 673 2488 ltaque
702 2428 734 2471 se
763 2427 885 2489 magnas
915 2419 945 2471 et
973 2428 1076 2489 graves
1105 2409 1262 2471 iniuriaso

237 2576 283 2642 69,
304 2580 325 2631 1.
349 2579 452 2642 legione
472 2577 511 2630 Vl
532 2575 577 2628 UV
664 2593 751 2628 seeum
774 2578 946 2629 abduamant
969 2577 1005 2640 V,
1030 2579 1184 2630 adduceret
1204 2577 1225 2629 'P

204 2648 367 2697 diminutam
385 2645 403 2696 F
472 2648 562 2696 minus
580 2645 613 2696 aa}
631 2647 782 2696 bonitatibus
798 2649 826 2717 β,
847 2649 936 2696 minue
953 2648 1025 2697 nritle
1044 2648 1125 2711 (ale)
1143 2648 1226 2698 borni-

150 2716 229 2766 nibus
253 2715 300 2766 mit
323 2713 499 2765 schlecblereu
524 2713 663 2765 llaudschr.
751 2713 820 2765 duaa
844 2731 911 2780 qaae
933 2713 975 2764 PV
1062 2711 1225 2766 Farnaea'l

202 2784 224 2834 2.
245 2783 327 2848 legati
344 2782 381 2834 ad
398 2782 542 2833 Pharnaci
558 2781 613 2833 DF¹
666 2782 794 2832 adventas
811 2781 911 2848 egiasV
964 2781 1166 2833 PharnacemF

236 2850 280 2916 70,
300 2853 322 2903 1.
340 2851 456 2916 respond
472 2847 493 2900 Τ
564 2853 587 2902 2.
603 2849 759 2915 glorientur
777 2848 821 2900 TV
885 2852 907 2902 3.
927 2851 1066 2901 liberatior
1083 2855 1226 2916 quicquum

148 2915 277 2978 suroreb*
347 2921 389 2969 hie
405 2934 482 2984 posse
499 2917 565 2969 FTV
626 2920 674 2984 qni
691 2917 775 2985 (non)
791 2916 908 2979 subrent
924 2921 952 2990 β,
972 2921 1044 2982 [non]
1063 2918 1226 2970 Veecosauus

200 2988 226 3038 4.
287 3001 330 3037 am
353 2987 384 3037 id
405 2989 493 3052 ipeaam
511 2990 544 3057 β,
569 2986 641 3050 Quin
663 2987 693 3037 id
715 2990 802 3052 iprum
819 2985 983 3054 Nipperdey,
1006 2986 1173 3052 Quamquam
1197 2987 1228 3036 id

146 3056 235 3120 iprum
271 3053 383 3106 lelbaber
396 3054 517 3106 zeitschr.
537 3054 554 3106 l.
567 3057 591 3106 o.
604 3054 695 3123 Gymn.
716 3057 781 3108 1869
800 3053 826 3108 S.
840 3057 898 3107 573.
951 3060 974 3108 b.
993 3058 1038 3118 [aa]
1056 3070 1169 3120 magnae
1181 3052 1226 3104 'PV

181 3205 227 3272 DD,
242 3209 264 3261 1.
282 3206 328 3258 Die
346 3206 438 3259 beiden
456 3206 599 3259 romischeu
613 3206 659 3258 Le·
711 3205 922 3273 lichenStellung
933 3206 1051 3260 entiernt.
1067 3207 1123 3274 Vgl.
1135 3206 1224 3260 Stollel

148 3275 241 3393 {mm
259 3275 316 3327 siud
335 3278 376 3339 34,
398 3277 413 3328 3
431 3274 483 3327 und
501 3277 516 3327 b
535 3280 658 3341 genannt;
710 3274 731 3326 ll
750 3289 774 3339 p.
794 3277 834 3326 76.

165 3343 190 3394 ie
209 3342 660 3409 desDejotarusbliebseitdembe·
745 3344 769 3396 2.
794 3344 900 3394 ancilia
927 3342 1008 3393 dara:
1038 3337 1172 3410 ‘lliltstrup
1192 3358 1223 3394 en

149 3409 240 3462 etebeu
257 3413 307 3463 und
327 3411 396 3463 ward
416 3409 539 3462 imJabre
558 3413 589 3463 25
608 3426 658 3462 von
711 3405 825 3473 stellen’‚
852 3410 904 3476 vgl.
924 3413 947 3472 3,
965 3412 1023 3473 4,3
1051 3412 1088 3462 ad
1113 3359 1223 3461 cunilam

149 3477 281 3542 Augustus
311 3480 350 3531 ius
381 3480 507 3531 romische
530 3478 595 3530 lleer
621 3479 659 3528 als
710 3493 850 3529 numerum
866 3481 985 3543 (equites)
999 3479 1077 3546 Cotye
1091 3495 1126 3530 aa·
1140 3477 1222 3530 Thra·

149 3544 220 3610 legio
233 3545 309 3598 XXII
316 3549 495 3599 Deiotariana
512 3547 660 3612 autgeuom·
711 3549 754 3596 cia
772 3547 895 3610 dederat;
913 3547 936 3610 3,
956 3549 979 3609 4,
996 3551 1019 3600 5.

147 3627 216 3677 men,
233 3614 382 3668 reltmtierte
399 3615 455 3667 sich
472 3617 533 3667 aber
545 3615 595 3666 wie
607 3615 659 3665 bie·
744 3614 787 3679 to,
801 3617 824 3666 1.
848 3618 873 3665 ri
891 3652 897 3664 .
917 3651 923 3665 .
941 3651 947 3664 .
972 3619 1223 3680 repraesentaturus

147 3683 194 3734 her
211 3697 257 3735 aus
272 3683 400 3736 Galatern.
419 3683 517 3734 -Der
535 3682 657 3735 Sammel·
710 3688 777 3734 earet
793 3683 845 3748 vgl.
863 3683 936 3734 Auni.
955 3697 986 3734 zu
1006 3684 1046 3745 23,
1066 3684 1089 3734 3.

147 3749 231 3818 punlrt
248 3751 292 3803 der
310 3752 470 3805 cisariecheu
488 3750 658 3811 Streltkrdtte,
744 3753 768 3803 3.
786 3766 872 3816 neque
884 3788 910 3804 ..
930 3766 1021 3816 nequa.
1045 3750 1095 3802 Das
1107 3749 1224 3803 Verbilt·

147 3819 658 3873 woaicholsbuldauchdieGesaudten
710 3819 749 3871 uis
777 3818 864 3870 beiden
889 3818 963 3871 Saitae
991 3818 1055 3870 wird
1083 3818 1224 3870 deutllcber

148 3885 193 3939 des
211 3887 356 3941 Pharnaces
380 3887 528 3951 etmenden,
552 3887 595 3953 lag
612 3901 659 3937 nur
711 3887 788 3939 durch
813 3885 1023 3954 Unterorduung:
1048 3883 1133 3939 ‘wenu
1158 3886 1222 3940 auch

148 3957 198 4008 200
211 3954 316 4009 Studien
335 3959 376 4020 (37
390 3955 444 4020 hm)
457 3971 507 4007 rou
522 3955 566 4008 der
578 3952 658 4006 leind·
711 3992 718 4008 .
737 3991 743 4008 .
763 3970 792 4007 so
812 3948 895 4008 doch’.
