2860 4572
226 252 278 314 22.
653 255 761 314 CAPUT
780 259 820 312 27.
832 259 880 312 hdo

188 430 293 491 adine
314 429 427 489 litterae
456 425 547 504 cepit:
578 443 645 486 nam
667 444 736 505 pars
763 429 905 505 quaedam
934 429 1144 496 fluminisjblili
1165 428 1310 496 derivata.

203 515 303 575 ·:inter
324 532 356 574 se
379 511 494 573 duobus
520 509 676 591 itineribus
690 508 837 596 paulatini
861 513 993 574 medium
1014 513 1094 582 inter
1115 534 1146 579 se
1169 513 1308 594 spatinmr
1411 519 1412 536 ³

226 599 397 677 relinquens
418 596 613 658 diversissimo
634 597 670 657 ad
693 597 761 660 litus
783 597 935 658 intervallo
957 616 973 657 a
995 599 1070 659 mari
1084 599 1295 686 coniungitur.

187 684 278 745 uCni
306 683 371 742 loco
399 699 467 742 cum
494 682 734 760 adpropinquare
759 681 943 750 Mithridaten
971 701 1023 744 rex
1051 684 1238 761 cognovisset
1264 693 1296 748 et

223 766 438 843 transeundum
450 766 597 848 eillumen
613 767 711 840 sciret,
727 784 848 845 magnas
862 761 1001 828 adversus
1012 785 1080 832 eum
1093 769 1195 848 copias
1206 769 1311 840 misit„

223 852 330 931 quibus
351 851 397 913 vel
418 853 552 932 superari
565 851 724 930 'delerique
746 851 930 933 Mithridaten
957 850 1001 912 vel
1023 852 1087 916 sine
1109 851 1200 937 dubiq
1222 854 1311 922 reti·⁴

185 948 200 998 t
222 937 287 997 neri
308 955 395 1016 posse
411 934 558 1016 qredebat.
595 936 848 1020 Quemadmodum
867 945 964 999 autem
980 936 1294 1018 optabatenmniuci,
1306 946 1317 993 Γ

185 1032 200 1082 5
222 1023 264 1084 sic
285 1022 504 1084 satishabebat
524 1021 749 1084 interclusuma
768 1021 894 1085 ‚Caesare
917 1018 945 1104 [a
967 1017 1010 1104 se]
1034 1021 1166 1083 retineri.
1210 1021 1293 1092 Quae

208 1109 334 1188 'primae
347 1108 457 1187 'copiae
479 1107 589 1168 flumen
613 1124 629 1167 a
651 1107 733 1170 Delta
754 1107 932 1168 transireat
953 1093 1305 1192 Mithridati-oqcurrere.

221 1202 392 1272 potnerunt,
415 1192 560 1271 proelium
584 1191 798 1254 commiserunt
812 1191 984 1254 testinantes
998 1191 1167 1271 praeripere
1188 1189 1305 1254 subse·

185 1279 386 1357 equentibus
403 1277 542 1337 victoriae
562 1277 744 1338 societatem.
789 1276 924 1348 Quorum
948 1277 1091 1362 impetum
1113 1275 1307 1343 Mithridates.

221 1381 327 1442 magna
350 1380 416 1423 cum
439 1361 596 1440 prudentia
619 1358 856 1444 [constantiaque
873 1362 1014 1426 virtutum
1037 1370 1066 1426 et
1081 1360 1294 1428 Alexandrino-

191 1466 289 1507 ..rum
303 1441 512 1528 imprudentia]
536 1446 751 1510 consuetudine
765 1456 868 1510 nostra
889 1438 1117 1509 castrisvallatis
1138 1445 1307 1508 sustinuitu

185 1543 200 1592 r
220 1551 288 1592 cum
304 1551 373 1592 vero
396 1531 514 1592 incaute
535 1538 624 1609 atque
647 1531 811 1594 insolenter
829 1533 989 1594 succedere
1012 1549 1063 1592 eos
1077 1529 1310 1598 munitionibus,

220 1618 339 1691 videret,
363 1617 519 1712 eruptione
541 1616 673 1694 undique
695 1616 769 1676 sacta
786 1634 926 1694 magnum
948 1634 1106 1677 nnmerum
1128 1633 1231 1676 eorum
1246 1615 1294 1675 in-

183 1711 198 1762 8
219 1701 343 1766 terfecit.
382 1700 541 1772 Quodnisi
561 1701 695 1762 locorum
721 1700 822 1760 notitia'
838 1701 943 1779 reliqui
959 1719 990 1761 se
1005 1699 1153 1761 texissent
1171 1699 1308 1780 partim,

219 1787 327 1865 quein
351 1804 448 1860 naves,
471 1780 580 1864 quibus
601 1786 717 1848 llumen.
734 1785 926 1870 transierant„
946 1783 1306 1869 recepisseut‚=lnnditus¹

220 1871 307 1934 deleti
336 1878 443 1936 essent.
488 1870 545 1942 Qut
575 1879 608 1931 ut
631 1871 750 1950 paulum
772 1869 809 1931 ab
838 1870 888 1935 illo
916 1870 1022 1932 timore
1051 1869 1293 1942 se'vrecrearunt

220 1957 365 2018 adiunctis
380 1957 415 2018 iis
437 1956 488 2034 qui
510 1948 769 2034 subsequebantur
789 1970 892 2016 rursus
915 1972 1089 2035 oppugnare
1105 1951 1310 2018 Mithridaten

167 2049 205 2106 28
223 2050 395 2127 coeperunt.
445 2040 570 2102 Mittitur
597 2059 613 2100 a
641 2041 807 2103 Mithridate
837 2040 960 2117 nuntius
990 2039 1122 2113 Caesari,
1152 2040 1203 2118 qui
1230 2058 1292 2100 rern

219 2137 330 2208 gestam
352 2119 519 2208 perferret..
547 2122 706 2207 Cognoscit
720 2146 754 2193 ex
775 2121 931 2214 suishanc
953 2125 1053 2186 eadem
1066 2123 1216 2214 'accidisse
1231 2140 1292 2185 rer.

260 2294 346 2358 ..Q
365 2298 387 2347 1.
406 2298 476 2360 cepit
493 2292 545 2359 FV,
563 2298 649 2360 caepit
666 2294 696 2358 U,
718 2289 859 2360 acupit'l*
894 2323 898 2346 t
947 2295 970 2348 2.
993 2309 1010 2344 α
1028 2295 1099 2364 mart
1115 2292 1305 2364 ss,.[a].Giac-.

219 2362 309 2414 conius
327 2363 373 2413 mit
391 2363 566 2414 schleclrteren
588 2363 783 2416 llandschrilten
873 2365 911 2416 ’4.
930 2379 946 2416 a
966 2361 1078 2413 Caesare
1094 2377 1111 2412 a
1123 2373 1156 2418 ,aa
1174 2359 1252 2426 Ul'l',
1277 2378 1293 2412 a

221 2430 332 2480 Caesare
349 2446 376 2478 ae
395 2429 431 2490 ll,
455 2433 481 2492 [a
499 2432 536 2491 aa]
555 2428 714 2485 Schambach
731 2430 818 2484 Jahrb.
837 2430 854 2481 l.
873 2429 908 2481 kl.
926 2428 992 2482 Phil.
1014 2431 1078 2484 1879
1097 2428 1123 2482 S.
1142 2431 1191 2485 869
1255 2471 1258 2481 .
1302 2472 1306 2484 ,

219 2499 243 2549 5.
262 2498 299 2547 ad
318 2497 341 2546 Δ
363 2496 436 2546 delta
458 2496 481 2544 V
566 2497 591 2546 6.
614 2501 817 2562 constantiaque
840 2500 973 2554 uirtutum
995 2501 1021 2549 at
1035 2497 1295 2554 .Ateeandrinorum

218 2565 399 2631 imprudentia
408 2567 437 2682 g,
450 2565 866 2629 [constantiaque-imprudentia]
877 2565 929 2615 alte
938 2564 1080 2629 Ausgaben
1129 2567 1152 2616 7.
1163 2571 1240 2617 cnute
1248 2564 1293 2621 TV

270 2636 296 2683 et
313 2633 391 2682 insol.
485 2633 508 2683 8.
526 2631 662 2684 adiunctis
680 2635 713 2682 tit
731 2631 767 2696 U,
790 2631 927 2685 euenere
945 2633 985 2680 lu'a
1003 2630 1030 2694 F,
1048 2631 1173 2684 adiuncti
1189 2636 1231 2686 nia
1248 2631 1294 2684 Tv

305 2698 350 2766 2⁸,
370 2703 392 2752 1.
411 2699 501 2750 eadem
520 2700 584 2750 buca
601 2697 647 2750 TV
667 2723 670 2733 ‹
735 2719 737 2731 ν

218 2834 314 2903 niueae
340 2832 387 2887 διὰ
412 2832 445 2888 τὸ
471 2831 557 2903 ἀρχὴν
583 2833 653 2886 alneu
680 2832 738 2886 τοῦ,
816 2833 1084 2897 enumerantem
1108 2877 1115 2888 .
1135 2873 1142 2887 .
1163 2840 1216 2899 sio,
1242 2836 1294 2904 egl.

218 2904 363 2969 λεχθέντος
380 2903 527 2970 σχήματος,
552 2906 598 2953 nal
618 2897 634 2966 ἡ
651 2898 730 2964 κώμη
783 2901 834 2956 uic.
852 2903 998 2970 Lael.'§,16
1016 2908 1052 2970 ai,
1075 2905 1295 2970 quaemadmodum

219 2971 249 3025 dd
267 2969 312 3026 ἐπ’
333 2967 408 3038 αὐτῷ
420 2968 542 3024 καλεῖται
555 2967 651 3022 Δέλτα.
681 2969 739 3022 Der.
782 2972 849 3022 calae
873 2972 905 3024 da
917 2975 1016 3024 ‘cetaria
1033 2975 1113 3024 radus
1131 3009 1163 3026 ...
1181 3010 1189 3025 .
1206 2975 1246 3024 eie
1263 2974 1295 3028 de

219 3041 288 3094 Verl.
306 3045 421 3093 versteht
438 3046 513 3092 anter
531 3039 612 3103 lacus,
634 3037 684 3090 wie
703 3052 730 3090 es
783 3041 902 3091 amicitia
921 3041 1074 3106 deputaris.
1092 3070 1126 3080 —

219 3110 329 3172 seinaim,
347 3107 395 3160 den
415 3123 446 3160 an
465 3107 510 3159 der
524 3105 610 3172 Spitae
629 3105 731 3173 gelege·
817 3111 927 3174 optabat
944 3125 1002 3162 eum
1020 3111 1110 3163 vinci..
1135 3107 1184 3161 ller
1195 3109 1255 3166 alce.
1273 3123 1294 3162 c.

200 3188 267 3230 'nen
286 3175 442 3228 Landslrich.
729 3216 731 3226 .
783 3175 829 3230 lnl.
852 3177 921 3230 steht
944 3177 985 3230 bei
1013 3182 1108 3242 optare
1135 3176 1188 3228 Vlll
1211 3180 1257 3240 41,
1280 3179 1294 3229 2

253 3241 737 3299 2.llerSinndieserWorteschointau.
782 3245 838 3298 Hoc
859 3244 934 3304 fante
954 3241 1094 3310 prabthert
1115 3259 1195 3311 pasce
1222 3248 1295 3311 appi-

218 3313 286 3365 sein:
299 3310 731 3376 llerllilteiltsicbinzwelhrme,
782 3313 866 3366 danos
884 3328 943 3364 oum
960 3319 1085 3379 optarant
1101 3314 1213 3378 reliqui,
1234 3312 1295 3364 Cae·

219 3381 318 3434 welche
330 3379 476 3432 allmihliclr
488 3379 563 3432 einen
573 3379 663 3434 immer
672 3383 730 3445 gad·
781 3395 829 3430 aar
842 3396 913 3430 unus
925 3381 1034 3445 uiderat,
1047 3380 1099 3443 val.
1112 3381 1154 3436 die
1167 3381 1240 3436 hum.
1255 3376 1295 3434 bei

220 3451 302 3502 [seren
315 3448 521 3499 Zwiscbenraum
534 3447 663 3502 awischen
675 3448 737 3500 sich.
781 3447 885 3502 llraner.
903 3448 1051 3502 hulserdem
1061 3448 1118 3504 l'er.
1128 3449 1223 3502 Andria
1232 3451 1294 3508 bb&

218 3517 313 3582 luascu,
325 3517 365 3567 bis
377 3515 431 3568 siclt
443 3514 567 3568 derFlnla
580 3515 736 3568 mitbedeu³
782 3517 833 3570 Cic.
852 3516 889 3570 adt
901 3516 969 3570 Fam.
989 3517 1011 3568 ll
1030 3520 1071 3580 20,
1089 3520 1104 3570 3
1127 3522 1252 3583 quanta
1270 3521 1295 3567 et

219 3581 733 3650 tendemAbstandederMitndungenins
783 3590 845 3652 apto
863 3601 917 3638 ease
935 3589 961 3636 at
978 3586 1086 3649 conlido
1101 3584 1234 3646 futurum.

219 3649 409 3719 Maerergielst.
424 3650 459 3704 lla
467 3649 508 3703 die
516 3652 661 3718 bichengen
670 3650 732 3704 Ver·
817 3654 842 3706 6.
855 3656 950 3706 castris
961 3653 1069 3706 vallatis
1081 3654 1132 3720 agl.
1146 3654 1187 3718 30,
1198 3656 1215 3706 2
1225 3653 1299 3711 Haec

220 3726 360 3788 mutungen
379 3737 410 3772 zu
429 3719 512 3772 dieser
531 3718 610 3772 Stella
628 3735 660 3772 zu
677 3720 733 3773 1ιεί-
783 3721 1023 3784 (castanearum
1040 3722 1093 3774 Liv.
1107 3726 1131 3784 9,
1143 3724 1185 3784 at,
1199 3726 1237 3776 15.
1268 3721 1295 3772 ln

220 3804 278 3841 nem
296 3788 449 3856 Ergebnisse
467 3787 570 3854 geldbrt
588 3788 733 3853 hebenini
782 3789 950 3856 algentlicher
961 3787 1113 3856 Bedeutuag
1125 3790 1224 3842 kommt
1242 3791 1298 3840 aal-

220 3857 286 3909 oben
300 3857 340 3908 die
352 3843 545 3923 llberlielerung
559 3857 675 3910 wirtliob
689 3857 734 3912 ab*
784 3859 841 3910 lare
858 3857 939 3912 eelten
957 3873 1012 3912 ror.

219 3923 345 3989 gedmelrt
362 3923 475 3976 worden.
819 3929 843 3980 l.
855 3927 1010 3980 succedere.
1021 3962 1028 3978 .
1038 3927 1232 3982 munitionibus
1242 3923 1295 3992 agl.

217 4250 600 4538 M
719 4204 858 4536 l.
