<?xml version="1.0" encoding="UTF-8"?>
<!DOCTYPE html PUBLIC "-//W3C//DTD XHTML 1.0 Transitional//EN"
    "http://www.w3.org/TR/xhtml1/DTD/xhtml1-transitional.dtd">
<html xmlns="http://www.w3.org/1999/xhtml" xml:lang="en" lang="en">
 <head>
  <title>
</title>
<meta http-equiv="Content-Type" content="text/html;charset=utf-8" />
  <meta name='ocr-system' content='tesseract 3.04.00' />
  <meta name='ocr-capabilities' content='ocr_page ocr_carea ocr_par ocr_line ocrx_word'/>
</head>
<body>
  <div class='ocr_page' id='page_1' title='image "bellumalexandri00hirtgoog_0054.png"; bbox 0 0 2860 4572; ppageno 0'>
   <div class='ocr_carea' id='block_1_1' title="bbox 554 238 1193 302">
    <p class='ocr_par' dir='ltr' id='par_1_1' title="bbox 554 238 1193 302">
     <span class='ocr_line' id='line_1_1' title="bbox 554 238 1193 302; baseline 0.019 -13"><span class='ocrx_word' id='word_1_1' title='bbox 554 238 661 291; x_wconf 80' lang='lat' dir='ltr'>CAPUT</span> <span class='ocrx_word' id='word_1_2' title='bbox 679 242 719 294; x_wconf 83' lang='lat' dir='ltr'><strong>te.</strong></span> <span class='ocrx_word' id='word_1_3' title='bbox 733 243 773 295; x_wconf 80' lang='grc'><strong>50.</strong></span> <span class='ocrx_word' id='word_1_4' title='bbox 1155 245 1193 302; x_wconf 82' lang='grc'><strong>41</strong></span> 
     </span>
    </p>
   </div>
   <div class='ocr_carea' id='block_1_2' title="bbox 127 409 1253 2024">
    <p class='ocr_par' dir='ltr' id='par_1_2' title="bbox 127 409 1253 2024">
     <span class='ocr_line' id='line_1_2' title="bbox 129 409 1199 495; baseline 0.005 -23"><span class='ocrx_word' id='word_1_5' title='bbox 129 409 213 472; x_wconf 88' lang='lat' dir='ltr'><strong>ribus</strong></span> <span class='ocrx_word' id='word_1_6' title='bbox 235 409 404 490; x_wconf 89' lang='lat' dir='ltr'><strong>provinciae</strong></span> <span class='ocrx_word' id='word_1_7' title='bbox 426 411 577 472; x_wconf 85' lang='lat' dir='ltr'><strong>constituit</strong></span> <span class='ocrx_word' id='word_1_8' title='bbox 593 413 758 488; x_wconf 85' lang='lat' dir='ltr'><strong>exsolvere;</strong></span> <span class='ocrx_word' id='word_1_9' title='bbox 780 422 810 475; x_wconf 91' lang='lat' dir='ltr'><strong>et</strong></span> <span class='ocrx_word' id='word_1_10' title='bbox 831 422 864 475; x_wconf 90' lang='lat' dir='ltr'><strong>ut</strong></span> <span class='ocrx_word' id='word_1_11' title='bbox 884 414 1047 493; x_wconf 80' lang='lat' dir='ltr'><strong>largitionis</strong></span> <span class='ocrx_word' id='word_1_12' title='bbox 1068 417 1199 495; x_wconf 91' lang='lat' dir='ltr'><strong>postulat</strong></span> 
     </span>
     <span class='ocr_line' id='line_1_3' title="bbox 130 495 1195 580; baseline 0.007 -24"><span class='ocrx_word' id='word_1_13' title='bbox 130 495 332 569; x_wconf 84' lang='lat' dir='ltr'><strong>consuetudo,</strong></span> <span class='ocrx_word' id='word_1_14' title='bbox 358 514 412 575; x_wconf 90' lang='lat' dir='ltr'><strong>per</strong></span> <span class='ocrx_word' id='word_1_15' title='bbox 433 514 549 558; x_wconf 91' lang='lat' dir='ltr'><strong>causam</strong></span> <span class='ocrx_word' id='word_1_16' title='bbox 572 496 753 559; x_wconf 77' lang='lat' dir='ltr'><strong>liberalitatis</strong></span> <span class='ocrx_word' id='word_1_17' title='bbox 774 499 936 577; x_wconf 81' lang='lat' dir='ltr'><strong>speciosam</strong></span> <span class='ocrx_word' id='word_1_18' title='bbox 959 500 1195 580; x_wconf 84' lang='lat' dir='ltr'><strong>pluralargitori</strong></span> 
     </span>
     <span class='ocr_line' id='line_1_4' title="bbox 130 579 1235 664; baseline 0.007 -24"><span class='ocrx_word' id='word_1_19' title='bbox 130 579 361 659; x_wconf 82' lang='lat' dir='ltr'><strong>quaerebantur.</strong></span> <span class='ocrx_word' id='word_1_20' title='bbox 395 581 542 642; x_wconf 81' lang='lat' dir='ltr'><strong>Pecuniae</strong></span> <span class='ocrx_word' id='word_1_21' title='bbox 565 582 762 662; x_wconf 77' lang='lat' dir='ltr'><strong>locupletibus</strong></span> <span class='ocrx_word' id='word_1_22' title='bbox 778 584 1007 662; x_wconf 88' lang='lat' dir='ltr'><strong>imperabantur,</strong></span> <span class='ocrx_word' id='word_1_23' title='bbox 1032 604 1103 664; x_wconf 93' lang='lat' dir='ltr'><strong>quas</strong></span> <span class='ocrx_word' id='word_1_24' title='bbox 1117 587 1235 648; x_wconf 79' lang='lat' dir='ltr'><strong>Lon-2</strong></span> 
     </span>
     <span class='ocr_line' id='line_1_5' title="bbox 130 666 1198 748; baseline 0.006 -22"><span class='ocrx_word' id='word_1_25' title='bbox 130 666 219 746; x_wconf 86' lang='lat' dir='ltr'><strong>ginus</strong></span> <span class='ocrx_word' id='word_1_26' title='bbox 241 666 296 726; x_wconf 92' lang='lat' dir='ltr'><strong>sihi</strong></span> <span class='ocrx_word' id='word_1_27' title='bbox 325 684 467 744; x_wconf 83' lang='lat' dir='ltr'><strong>expensas</strong></span> <span class='ocrx_word' id='word_1_28' title='bbox 495 667 565 726; x_wconf 89' lang='lat' dir='ltr'><strong>lerri</strong></span> <span class='ocrx_word' id='word_1_29' title='bbox 589 687 650 728; x_wconf 93' lang='lat' dir='ltr'><strong>non</strong></span> <span class='ocrx_word' id='word_1_30' title='bbox 679 676 793 729; x_wconf 90' lang='lat' dir='ltr'><strong>tantum</strong></span> <span class='ocrx_word' id='word_1_31' title='bbox 823 669 1002 748; x_wconf 88' lang='lat' dir='ltr'><strong>patiebatur,</strong></span> <span class='ocrx_word' id='word_1_32' title='bbox 1032 672 1082 732; x_wconf 89' lang='lat' dir='ltr'><strong>sed</strong></span> <span class='ocrx_word' id='word_1_33' title='bbox 1112 672 1198 732; x_wconf 90' lang='lat' dir='ltr'><strong>etiarn</strong></span> 
     </span>
     <span class='ocr_line' id='line_1_6' title="bbox 130 751 1198 831; baseline 0.006 -19"><span class='ocrx_word' id='word_1_34' title='bbox 130 751 264 830; x_wconf 88' lang='lat' dir='ltr'><strong>cogebat,</strong></span> <span class='ocrx_word' id='word_1_35' title='bbox 279 751 309 811; x_wconf 94' lang='lat' dir='ltr'><strong>in</strong></span> <span class='ocrx_word' id='word_1_36' title='bbox 326 757 445 831; x_wconf 79' lang='lat' dir='ltr'><strong>gregem</strong></span> <span class='ocrx_word' id='word_1_37' title='bbox 461 751 653 830; x_wconf 88' lang='lat' dir='ltr'><strong>locupletium</strong></span> <span class='ocrx_word' id='word_1_38' title='bbox 665 753 857 816; x_wconf 88' lang='lat' dir='ltr'><strong>simulationis</strong></span> <span class='ocrx_word' id='word_1_39' title='bbox 871 773 956 816; x_wconf 91' lang='lat' dir='ltr'><strong>causa</strong></span> <span class='ocrx_word' id='word_1_40' title='bbox 972 765 1078 820; x_wconf 88' lang='lat' dir='ltr'><strong>tenues</strong></span> <span class='ocrx_word' id='word_1_41' title='bbox 1093 757 1198 818; x_wconf 91' lang='lat' dir='ltr'><strong>coicie-</strong></span> 
     </span>
     <span class='ocr_line' id='line_1_7' title="bbox 129 836 1236 919; baseline 0.004 -22"><span class='ocrx_word' id='word_1_42' title='bbox 129 836 256 908; x_wconf 82' lang='lat' dir='ltr'><strong>bantur‚</strong></span> <span class='ocrx_word' id='word_1_43' title='bbox 286 855 383 915; x_wconf 90' lang='lat' dir='ltr'><strong>neque</strong></span> <span class='ocrx_word' id='word_1_44' title='bbox 413 836 505 898; x_wconf 91' lang='lat' dir='ltr'><strong>ullum</strong></span> <span class='ocrx_word' id='word_1_45' title='bbox 535 854 629 914; x_wconf 88' lang='lat' dir='ltr'><strong>genus</strong></span> <span class='ocrx_word' id='word_1_46' title='bbox 651 848 791 916; x_wconf 86' lang='lat' dir='ltr'><strong>quaestus</strong></span> <span class='ocrx_word' id='word_1_47' title='bbox 812 849 862 899; x_wconf 90' lang='lat' dir='ltr'><strong>aut</strong></span> <span class='ocrx_word' id='word_1_48' title='bbox 888 841 985 919; x_wconf 88' lang='lat' dir='ltr'><strong>magui</strong></span> <span class='ocrx_word' id='word_1_49' title='bbox 1008 850 1038 901; x_wconf 91' lang='lat' dir='ltr'><strong>et</strong></span> <span class='ocrx_word' id='word_1_50' title='bbox 1060 840 1201 903; x_wconf 90' lang='lat' dir='ltr'><strong>evidentis</strong></span> <span class='ocrx_word' id='word_1_51' title='bbox 1222 851 1236 901; x_wconf 79' lang='lat' dir='ltr'><strong>a</strong></span> 
     </span>
     <span class='ocr_line' id='line_1_8' title="bbox 130 920 1201 1002; baseline 0.004 -20"><span class='ocrx_word' id='word_1_52' title='bbox 130 930 182 982; x_wconf 89' lang='lat' dir='ltr'><strong>aut</strong></span> <span class='ocrx_word' id='word_1_53' title='bbox 196 920 309 981; x_wconf 92' lang='lat' dir='ltr'><strong>minimi</strong></span> <span class='ocrx_word' id='word_1_54' title='bbox 332 931 362 982; x_wconf 89' lang='lat' dir='ltr'><strong>et</strong></span> <span class='ocrx_word' id='word_1_55' title='bbox 376 921 484 983; x_wconf 87' lang='lat' dir='ltr'><strong>sordidi</strong></span> <span class='ocrx_word' id='word_1_56' title='bbox 502 921 800 1002; x_wconf 82' lang='lat' dir='ltr'><strong>praetermittebatur,</strong></span> <span class='ocrx_word' id='word_1_57' title='bbox 824 943 882 1002; x_wconf 93' lang='lat' dir='ltr'><strong>quo</strong></span> <span class='ocrx_word' id='word_1_58' title='bbox 901 925 1005 987; x_wconf 90' lang='lat' dir='ltr'><strong>domus</strong></span> <span class='ocrx_word' id='word_1_59' title='bbox 1021 935 1049 986; x_wconf 93' lang='lat' dir='ltr'><strong>et</strong></span> <span class='ocrx_word' id='word_1_60' title='bbox 1071 927 1201 988; x_wconf 91' lang='lat' dir='ltr'><strong>tribunal</strong></span> 
     </span>
     <span class='ocr_line' id='line_1_9' title="bbox 129 1006 1237 1088; baseline 0.005 -21"><span class='ocrx_word' id='word_1_61' title='bbox 129 1006 317 1085; x_wconf 90' lang='lat' dir='ltr'><strong>imperatoris</strong></span> <span class='ocrx_word' id='word_1_62' title='bbox 338 1015 462 1069; x_wconf 85' lang='lat' dir='ltr'><strong>vacaret.</strong></span> <span class='ocrx_word' id='word_1_63' title='bbox 506 1007 597 1081; x_wconf 80' lang='lat' dir='ltr'><strong>Nemo</strong></span> <span class='ocrx_word' id='word_1_64' title='bbox 621 1017 698 1080; x_wconf 84' lang='lat' dir='ltr'><strong>erat,</strong></span> <span class='ocrx_word' id='word_1_65' title='bbox 728 1009 777 1086; x_wconf 94' lang='lat' dir='ltr'><strong>qui</strong></span> <span class='ocrx_word' id='word_1_66' title='bbox 800 1011 887 1070; x_wconf 93' lang='lat' dir='ltr'><strong>modo</strong></span> <span class='ocrx_word' id='word_1_67' title='bbox 911 1011 1036 1088; x_wconf 84' lang='lat' dir='ltr'><strong>aliquam</strong></span> <span class='ocrx_word' id='word_1_68' title='bbox 1059 1011 1200 1072; x_wconf 90' lang='lat' dir='ltr'><strong>iacturam</strong></span> <span class='ocrx_word' id='word_1_69' title='bbox 1222 1022 1237 1072; x_wconf 83' lang='lat'>4</span> 
     </span>
     <span class='ocr_line' id='line_1_10' title="bbox 128 1092 1200 1170; baseline 0.005 -18"><span class='ocrx_word' id='word_1_70' title='bbox 128 1093 228 1152; x_wconf 88' lang='lat' dir='ltr'><strong>lacere</strong></span> <span class='ocrx_word' id='word_1_71' title='bbox 244 1100 352 1170; x_wconf 88' lang='lat' dir='ltr'><strong>posset,</strong></span> <span class='ocrx_word' id='word_1_72' title='bbox 376 1092 446 1170; x_wconf 90' lang='lat' dir='ltr'><strong>quin</strong></span> <span class='ocrx_word' id='word_1_73' title='bbox 463 1099 513 1153; x_wconf 90' lang='lat' dir='ltr'><strong>aut</strong></span> <span class='ocrx_word' id='word_1_74' title='bbox 534 1092 700 1154; x_wconf 88' lang='lat' dir='ltr'><strong>vadimonio</strong></span> <span class='ocrx_word' id='word_1_75' title='bbox 716 1102 878 1166; x_wconf 86' lang='lat' dir='ltr'><strong>teneretur,</strong></span> <span class='ocrx_word' id='word_1_76' title='bbox 901 1105 951 1156; x_wconf 91' lang='lat' dir='ltr'><strong>aut</strong></span> <span class='ocrx_word' id='word_1_77' title='bbox 973 1096 1003 1156; x_wconf 95' lang='lat' dir='ltr'><strong>in</strong></span> <span class='ocrx_word' id='word_1_78' title='bbox 1026 1114 1094 1157; x_wconf 88' lang='lat' dir='ltr'><strong>reos</strong></span> <span class='ocrx_word' id='word_1_79' title='bbox 1108 1098 1200 1158; x_wconf 86' lang='lat' dir='ltr'><strong>refer-</strong></span> 
     </span>
     <span class='ocr_line' id='line_1_11' title="bbox 129 1177 1238 1257; baseline 0.004 -20"><span class='ocrx_word' id='word_1_80' title='bbox 129 1186 223 1237; x_wconf 89' lang='lat' dir='ltr'><strong>retur.</strong></span> <span class='ocrx_word' id='word_1_81' title='bbox 268 1177 308 1237; x_wconf 90' lang='lat' dir='ltr'><strong>lta</strong></span> <span class='ocrx_word' id='word_1_82' title='bbox 337 1194 443 1254; x_wconf 88' lang='lat' dir='ltr'><strong>magna</strong></span> <span class='ocrx_word' id='word_1_83' title='bbox 472 1177 558 1238; x_wconf 91' lang='lat' dir='ltr'><strong>etiam</strong></span> <span class='ocrx_word' id='word_1_84' title='bbox 588 1177 753 1239; x_wconf 91' lang='lat' dir='ltr'><strong>sollicitudo</strong></span> <span class='ocrx_word' id='word_1_85' title='bbox 784 1179 981 1257; x_wconf 83' lang='lat' dir='ltr'><strong>periculorum</strong></span> <span class='ocrx_word' id='word_1_86' title='bbox 1012 1180 1048 1240; x_wconf 92' lang='lat' dir='ltr'><strong>ad</strong></span> <span class='ocrx_word' id='word_1_87' title='bbox 1077 1181 1238 1243; x_wconf 77' lang='lat' dir='ltr'><strong>iacturaso</strong></span> 
     </span>
     <span class='ocr_line' id='line_1_12' title="bbox 130 1261 1253 1342; baseline 0.004 -19"><span class='ocrx_word' id='word_1_88' title='bbox 130 1271 160 1323; x_wconf 90' lang='lat' dir='ltr'><strong>et</strong></span> <span class='ocrx_word' id='word_1_89' title='bbox 189 1261 362 1322; x_wconf 89' lang='lat' dir='ltr'><strong>detrimenta</strong></span> <span class='ocrx_word' id='word_1_90' title='bbox 391 1261 433 1323; x_wconf 91' lang='lat' dir='ltr'><strong>rei</strong></span> <span class='ocrx_word' id='word_1_91' title='bbox 459 1263 608 1323; x_wconf 83' lang='lat' dir='ltr'><strong>familiaris</strong></span> <span class='ocrx_word' id='word_1_92' title='bbox 637 1263 859 1342; x_wconf 88' lang='lat' dir='ltr'><strong>adiungebatur.</strong></span> <span class='ocrx_word' id='word_1_93' title='bbox 904 1265 1018 1336; x_wconf 82' lang='lat' dir='ltr'><strong>Quibus</strong></span> <span class='ocrx_word' id='word_1_94' title='bbox 1040 1266 1075 1326; x_wconf 91' lang='lat' dir='ltr'><strong>de</strong></span> <span class='ocrx_word' id='word_1_95' title='bbox 1105 1267 1253 1329; x_wconf 80' lang='lat' dir='ltr'><strong>causisoc</strong></span> 
     </span>
     <span class='ocr_line' id='line_1_13' title="bbox 128 1346 1199 1430; baseline 0.005 -23"><span class='ocrx_word' id='word_1_96' title='bbox 128 1346 245 1421; x_wconf 88' lang='lat' dir='ltr'><strong>accidit,</strong></span> <span class='ocrx_word' id='word_1_97' title='bbox 267 1356 309 1420; x_wconf 84' lang='lat' dir='ltr'><strong>ut,</strong></span> <span class='ocrx_word' id='word_1_98' title='bbox 331 1366 398 1408; x_wconf 91' lang='lat' dir='ltr'><strong>cum</strong></span> <span class='ocrx_word' id='word_1_99' title='bbox 415 1346 568 1426; x_wconf 85' lang='lat' dir='ltr'><strong>Longinus</strong></span> <span class='ocrx_word' id='word_1_100' title='bbox 589 1347 748 1427; x_wconf 91' lang='lat' dir='ltr'><strong>imperator</strong></span> <span class='ocrx_word' id='word_1_101' title='bbox 770 1350 869 1410; x_wconf 91' lang='lat' dir='ltr'><strong>eadem</strong></span> <span class='ocrx_word' id='word_1_102' title='bbox 892 1352 1010 1422; x_wconf 79' lang='lat' dir='ltr'><strong>laceret,</strong></span> <span class='ocrx_word' id='word_1_103' title='bbox 1033 1369 1107 1430; x_wconf 92' lang='lat' dir='ltr'><strong>quae</strong></span> <span class='ocrx_word' id='word_1_104' title='bbox 1121 1354 1199 1413; x_wconf 50' lang='lat' dir='ltr'><strong>lece*</strong></span> 
     </span>
     <span class='ocr_line' id='line_1_14' title="bbox 128 1431 1252 1515; baseline 0.005 -23"><span class='ocrx_word' id='word_1_105' title='bbox 128 1441 176 1492; x_wconf 90' lang='lat' dir='ltr'><strong>rat</strong></span> <span class='ocrx_word' id='word_1_106' title='bbox 195 1440 341 1510; x_wconf 85' lang='lat' dir='ltr'><strong>quaestor,</strong></span> <span class='ocrx_word' id='word_1_107' title='bbox 364 1431 466 1492; x_wconf 92' lang='lat' dir='ltr'><strong>similia</strong></span> <span class='ocrx_word' id='word_1_108' title='bbox 490 1450 592 1493; x_wconf 91' lang='lat' dir='ltr'><strong>rursus</strong></span> <span class='ocrx_word' id='word_1_109' title='bbox 614 1433 650 1493; x_wconf 93' lang='lat' dir='ltr'><strong>de</strong></span> <span class='ocrx_word' id='word_1_110' title='bbox 673 1442 766 1495; x_wconf 88' lang='lat' dir='ltr'><strong>morte</strong></span> <span class='ocrx_word' id='word_1_111' title='bbox 785 1434 848 1499; x_wconf 88' lang='lat' dir='ltr'><strong>eius</strong></span> <span class='ocrx_word' id='word_1_112' title='bbox 870 1435 1064 1515; x_wconf 86' lang='lat' dir='ltr'><strong>provinciales</strong></span> <span class='ocrx_word' id='word_1_113' title='bbox 1080 1437 1202 1498; x_wconf 89' lang='lat' dir='ltr'><strong>consilia</strong></span> <span class='ocrx_word' id='word_1_114' title='bbox 1250 1473 1252 1482; x_wconf 68' lang='lat'><em>,</em></span> 
     </span>
     <span class='ocr_line' id='line_1_15' title="bbox 128 1516 1239 1598; baseline 0.005 -20"><span class='ocrx_word' id='word_1_115' title='bbox 128 1517 251 1579; x_wconf 90' lang='lat' dir='ltr'><strong>inirent.</strong></span> <span class='ocrx_word' id='word_1_116' title='bbox 295 1516 407 1593; x_wconf 87' lang='lat' dir='ltr'><strong>Horum</strong></span> <span class='ocrx_word' id='word_1_117' title='bbox 424 1518 533 1578; x_wconf 89' lang='lat' dir='ltr'><strong>odium.</strong></span> <span class='ocrx_word' id='word_1_118' title='bbox 546 1518 762 1580; x_wconf 81' lang='lat' dir='ltr'><strong>confirmabant</strong></span> <span class='ocrx_word' id='word_1_119' title='bbox 785 1521 922 1581; x_wconf 93' lang='lat' dir='ltr'><strong>nonnulli</strong></span> <span class='ocrx_word' id='word_1_120' title='bbox 943 1521 1100 1583; x_wconf 77' lang='lat' dir='ltr'><strong>familiares</strong></span> <span class='ocrx_word' id='word_1_121' title='bbox 1122 1523 1203 1598; x_wconf 92' lang='lat' dir='ltr'><strong>eius;</strong></span> <span class='ocrx_word' id='word_1_122' title='bbox 1224 1533 1239 1584; x_wconf 78' lang='lat'>2</span> 
     </span>
     <span class='ocr_line' id='line_1_16' title="bbox 128 1602 1204 1684; baseline 0.007 -23"><span class='ocrx_word' id='word_1_123' title='bbox 128 1603 192 1681; x_wconf 90' lang='lat' dir='ltr'><strong>qui,</strong></span> <span class='ocrx_word' id='word_1_124' title='bbox 215 1619 281 1662; x_wconf 89' lang='lat' dir='ltr'><strong>cum</strong></span> <span class='ocrx_word' id='word_1_125' title='bbox 304 1603 334 1662; x_wconf 90' lang='lat' dir='ltr'><strong>in</strong></span> <span class='ocrx_word' id='word_1_126' title='bbox 350 1602 397 1662; x_wconf 92' lang='lat' dir='ltr'><strong>illa</strong></span> <span class='ocrx_word' id='word_1_127' title='bbox 419 1603 557 1664; x_wconf 88' lang='lat' dir='ltr'><strong>societate</strong></span> <span class='ocrx_word' id='word_1_128' title='bbox 579 1613 767 1664; x_wconf 88' lang='lat' dir='ltr'><strong>versarentur</strong></span> <span class='ocrx_word' id='word_1_129' title='bbox 787 1606 976 1684; x_wconf 58' lang='lat' dir='ltr'><strong>rapinarum,</strong></span> <span class='ocrx_word' id='word_1_130' title='bbox 991 1607 1082 1667; x_wconf 90' lang='lat' dir='ltr'><strong>nihilo</strong></span> <span class='ocrx_word' id='word_1_131' title='bbox 1106 1609 1204 1670; x_wconf 92' lang='lat' dir='ltr'><strong>minus</strong></span> 
     </span>
     <span class='ocr_line' id='line_1_17' title="bbox 128 1687 1203 1773; baseline 0.006 -25"><span class='ocrx_word' id='word_1_132' title='bbox 128 1687 257 1748; x_wconf 91' lang='lat' dir='ltr'><strong>oderant</strong></span> <span class='ocrx_word' id='word_1_133' title='bbox 285 1705 368 1761; x_wconf 81' lang='lat' dir='ltr'><strong>eum,</strong></span> <span class='ocrx_word' id='word_1_134' title='bbox 398 1687 483 1748; x_wconf 90' lang='lat' dir='ltr'><strong>cuius</strong></span> <span class='ocrx_word' id='word_1_135' title='bbox 512 1688 633 1748; x_wconf 93' lang='lat' dir='ltr'><strong>nomine</strong></span> <span class='ocrx_word' id='word_1_136' title='bbox 662 1687 839 1768; x_wconf 82' lang='lat' dir='ltr'><strong>peccabant,</strong></span> <span class='ocrx_word' id='word_1_137' title='bbox 868 1690 983 1769; x_wconf 90' lang='lat' dir='ltr'><strong>sibique</strong></span> <span class='ocrx_word' id='word_1_138' title='bbox 1012 1693 1092 1769; x_wconf 94' lang='lat' dir='ltr'><strong>quod</strong></span> <span class='ocrx_word' id='word_1_139' title='bbox 1114 1711 1203 1773; x_wconf 88' lang='lat' dir='ltr'><strong>rapu·</strong></span> 
     </span>
     <span class='ocr_line' id='line_1_18' title="bbox 128 1773 1203 1857; baseline 0.006 -23"><span class='ocrx_word' id='word_1_140' title='bbox 128 1781 216 1834; x_wconf 89' lang='lat' dir='ltr'><strong>erant</strong></span> <span class='ocrx_word' id='word_1_141' title='bbox 232 1782 385 1851; x_wconf 91' lang='lat' dir='ltr'><strong>acceptum</strong></span> <span class='ocrx_word' id='word_1_142' title='bbox 407 1773 585 1846; x_wconf 82' lang='lat' dir='ltr'><strong>referebant,</strong></span> <span class='ocrx_word' id='word_1_143' title='bbox 609 1775 687 1852; x_wconf 94' lang='lat' dir='ltr'><strong>quod</strong></span> <span class='ocrx_word' id='word_1_144' title='bbox 708 1774 898 1836; x_wconf 87' lang='lat' dir='ltr'><strong>interciderat</strong></span> <span class='ocrx_word' id='word_1_145' title='bbox 912 1787 962 1836; x_wconf 92' lang='lat' dir='ltr'><strong>aut</strong></span> <span class='ocrx_word' id='word_1_146' title='bbox 977 1787 1039 1837; x_wconf 91' lang='lat' dir='ltr'><strong>erat</strong></span> <span class='ocrx_word' id='word_1_147' title='bbox 1061 1777 1203 1857; x_wconf 87' lang='lat' dir='ltr'><strong>interpel-</strong></span> 
     </span>
     <span class='ocr_line' id='line_1_19' title="bbox 127 1857 1241 1938; baseline 0.001 -18"><span class='ocrx_word' id='word_1_148' title='bbox 127 1858 222 1920; x_wconf 91' lang='lat' dir='ltr'><strong>latum</strong></span> <span class='ocrx_word' id='word_1_149' title='bbox 239 1857 337 1919; x_wconf 88' lang='lat' dir='ltr'><strong>Cassio</strong></span> <span class='ocrx_word' id='word_1_150' title='bbox 356 1857 557 1935; x_wconf 88' lang='lat' dir='ltr'><strong>adsignabant.</strong></span> <span class='ocrx_word' id='word_1_151' title='bbox 595 1857 733 1929; x_wconf 85' lang='lat' dir='ltr'><strong>Quintam</strong></span> <span class='ocrx_word' id='word_1_152' title='bbox 750 1859 895 1938; x_wconf 86' lang='lat' dir='ltr'><strong>legionem</strong></span> <span class='ocrx_word' id='word_1_153' title='bbox 912 1861 1073 1921; x_wconf 89' lang='lat' dir='ltr'><strong>conscribit</strong></span> <span class='ocrx_word' id='word_1_154' title='bbox 1088 1881 1202 1924; x_wconf 90' lang='lat' dir='ltr'><strong>novam.</strong></span> <span class='ocrx_word' id='word_1_155' title='bbox 1226 1871 1241 1921; x_wconf 80' lang='lat' dir='ltr'><strong>t</strong></span> 
     </span>
     <span class='ocr_line' id='line_1_20' title="bbox 128 1943 1204 2024; baseline 0.006 -21"><span class='ocrx_word' id='word_1_156' title='bbox 128 1943 264 2022; x_wconf 81' lang='lat' dir='ltr'><strong>Augetur</strong></span> <span class='ocrx_word' id='word_1_157' title='bbox 280 1943 379 2004; x_wconf 93' lang='lat' dir='ltr'><strong>odium</strong></span> <span class='ocrx_word' id='word_1_158' title='bbox 396 1953 425 2003; x_wconf 95' lang='lat' dir='ltr'><strong>et</strong></span> <span class='ocrx_word' id='word_1_159' title='bbox 440 1943 504 2021; x_wconf 91' lang='lat' dir='ltr'><strong>ipso</strong></span> <span class='ocrx_word' id='word_1_160' title='bbox 520 1943 627 2004; x_wconf 92' lang='lat' dir='ltr'><strong>dilectu</strong></span> <span class='ocrx_word' id='word_1_161' title='bbox 644 1954 673 2014; x_wconf 92' lang='lat' dir='ltr'><strong>et</strong></span> <span class='ocrx_word' id='word_1_162' title='bbox 688 1955 807 2022; x_wconf 91' lang='lat' dir='ltr'><strong>sumptu</strong></span> <span class='ocrx_word' id='word_1_163' title='bbox 824 1945 936 2005; x_wconf 92' lang='lat' dir='ltr'><strong>additae</strong></span> <span class='ocrx_word' id='word_1_164' title='bbox 951 1944 1085 2024; x_wconf 84' lang='lat' dir='ltr'><strong>legionis.</strong></span> <span class='ocrx_word' id='word_1_165' title='bbox 1118 1947 1204 2008; x_wconf 85' lang='lat' dir='ltr'><strong>Com-</strong></span> 
     </span>
    </p>
   </div>
   <div class='ocr_carea' id='block_1_3' title="bbox 128 2091 1205 2430">
    <p class='ocr_par' dir='ltr' id='par_1_3' title="bbox 128 2091 1205 2302">
     <span class='ocr_line' id='line_1_21' title="bbox 217 2091 1204 2161; baseline -0.001 -14"><span class='ocrx_word' id='word_1_166' title='bbox 217 2091 263 2156; x_wconf 77' lang='grc'><strong>49,</strong></span> <span class='ocrx_word' id='word_1_167' title='bbox 284 2096 305 2144; x_wconf 92' lang='lat' dir='ltr'><strong>l.</strong></span> <span class='ocrx_word' id='word_1_168' title='bbox 323 2097 355 2142; x_wconf 87' lang='lat' dir='ltr'><strong>ut</strong></span> <span class='ocrx_word' id='word_1_169' title='bbox 372 2097 397 2142; x_wconf 88' lang='lat' dir='ltr'><strong>et</strong></span> <span class='ocrx_word' id='word_1_170' title='bbox 414 2091 436 2143; x_wconf 85' lang='lat' dir='ltr'>T</span> <span class='ocrx_word' id='word_1_171' title='bbox 522 2095 545 2144; x_wconf 83' lang='lat'><strong>2.</strong></span> <span class='ocrx_word' id='word_1_172' title='bbox 563 2094 740 2144; x_wconf 78' lang='lat' dir='ltr'><strong>simultatium</strong></span> <span class='ocrx_word' id='word_1_173' title='bbox 757 2092 839 2158; x_wconf 82' lang='lat' dir='ltr'>UTV,</span> <span class='ocrx_word' id='word_1_174' title='bbox 862 2095 1058 2146; x_wconf 81' lang='lat' dir='ltr'><strong>simultaotium</strong></span> <span class='ocrx_word' id='word_1_175' title='bbox 1076 2095 1107 2161; x_wconf 83' lang='lat' dir='ltr'><strong>F,</strong></span> <span class='ocrx_word' id='word_1_176' title='bbox 1125 2113 1204 2148; x_wconf 85' lang='lat' dir='ltr'><strong>cause</strong></span> 
     </span>
     <span class='ocr_line' id='line_1_22' title="bbox 128 2159 1205 2227; baseline 0.003 -15"><span class='ocrx_word' id='word_1_177' title='bbox 128 2164 249 2227; x_wconf 75' lang='lat' dir='ltr'><strong>(causae)</strong></span> <span class='ocrx_word' id='word_1_178' title='bbox 265 2159 316 2222; x_wconf 82' lang='lat' dir='ltr'><strong>ur,</strong></span> <span class='ocrx_word' id='word_1_179' title='bbox 334 2161 515 2212; x_wconf 72' lang='lat' dir='ltr'><strong>simulationis</strong></span> <span class='ocrx_word' id='word_1_180' title='bbox 532 2177 612 2211; x_wconf 85' lang='lat' dir='ltr'><strong>causa</strong></span> <span class='ocrx_word' id='word_1_181' title='bbox 629 2159 658 2212; x_wconf 86' lang='lat' dir='ltr'><strong>R.</strong></span> <span class='ocrx_word' id='word_1_182' title='bbox 678 2161 753 2214; x_wconf 87' lang='lat' dir='ltr'><strong>Scbn.</strong></span> <span class='ocrx_word' id='word_1_183' title='bbox 840 2164 863 2214; x_wconf 88' lang='lat'><strong>3.</strong></span> <span class='ocrx_word' id='word_1_184' title='bbox 883 2166 1018 2227; x_wconf 70' lang='lat' dir='ltr'><strong>quaestines</strong></span> <span class='ocrx_word' id='word_1_185' title='bbox 1037 2160 1080 2213; x_wconf 87' lang='lat' dir='ltr'><strong>TV</strong></span> <span class='ocrx_word' id='word_1_186' title='bbox 1156 2171 1205 2215; x_wconf 87' lang='lat' dir='ltr'><strong>aut</strong></span> 
     </span>
     <span class='ocr_line' id='line_1_23' title="bbox 129 2227 1055 2302; baseline -0.001 -21"><span class='ocrx_word' id='word_1_187' title='bbox 129 2230 199 2281; x_wconf 85' lang='lat' dir='ltr'><strong>euid.</strong></span> <span class='ocrx_word' id='word_1_188' title='bbox 218 2227 239 2278; x_wconf 83' lang='grc' dir='ltr'>Τ</span> <span class='ocrx_word' id='word_1_189' title='bbox 313 2230 597 2295; x_wconf 74' lang='lat' dir='ltr'><strong>praetermittebamus·</strong></span> <span class='ocrx_word' id='word_1_190' title='bbox 615 2227 635 2278; x_wconf 87' lang='grc' dir='ltr'><strong><em>Τ</em></strong></span> <span class='ocrx_word' id='word_1_191' title='bbox 704 2232 728 2280; x_wconf 82' lang='lat'><strong>4.</strong></span> <span class='ocrx_word' id='word_1_192' title='bbox 748 2232 794 2295; x_wconf 84' lang='lat' dir='ltr'><strong>qui</strong></span> <span class='ocrx_word' id='word_1_193' title='bbox 811 2235 861 2280; x_wconf 86' lang='lat' dir='ltr'><strong>out</strong></span> <span class='ocrx_word' id='word_1_194' title='bbox 876 2235 905 2302; x_wconf 79' lang='grc' dir='ltr'><strong>β,</strong></span> <span class='ocrx_word' id='word_1_195' title='bbox 924 2235 989 2297; x_wconf 83' lang='lat' dir='ltr'><strong>quin</strong></span> <span class='ocrx_word' id='word_1_196' title='bbox 1007 2237 1055 2281; x_wconf 82' lang='lat' dir='ltr'><strong>aut</strong></span> 
     </span>
    </p>

    <p class='ocr_par' dir='ltr' id='par_1_4' title="bbox 130 2296 1088 2430">
     <span class='ocr_line' id='line_1_24' title="bbox 216 2296 1088 2365; baseline -0.002 -15"><span class='ocrx_word' id='word_1_197' title='bbox 216 2296 264 2359; x_wconf 79' lang='lat' dir='ltr'><strong>tto,</strong></span> <span class='ocrx_word' id='word_1_198' title='bbox 283 2297 306 2348; x_wconf 80' lang='lat'><strong>2.</strong></span> <span class='ocrx_word' id='word_1_199' title='bbox 325 2297 454 2346; x_wconf 77' lang='lat' dir='ltr'><strong>adscribit</strong></span> <span class='ocrx_word' id='word_1_200' title='bbox 474 2297 520 2347; x_wconf 90' lang='lat' dir='ltr'><strong>mit</strong></span> <span class='ocrx_word' id='word_1_201' title='bbox 542 2297 812 2361; x_wconf 79' lang='lat' dir='ltr'><strong>ubergescbriebenem</strong></span> <span class='ocrx_word' id='word_1_202' title='bbox 830 2314 879 2350; x_wconf 84' lang='lat' dir='ltr'><strong>eon</strong></span> <span class='ocrx_word' id='word_1_203' title='bbox 897 2297 931 2365; x_wconf 88' lang='grc' dir='ltr'><strong>Τ,</strong></span> <span class='ocrx_word' id='word_1_204' title='bbox 954 2301 1049 2350; x_wconf 77' lang='lat' dir='ltr'><strong>scribit</strong></span> <span class='ocrx_word' id='word_1_205' title='bbox 1065 2297 1088 2348; x_wconf 84' lang='lat' dir='ltr'><strong>V</strong></span> 
     </span>
     <span class='ocr_line' id='line_1_25' title="bbox 130 2362 357 2430; baseline -0.013 -15"><span class='ocrx_word' id='word_1_206' title='bbox 130 2369 159 2420; x_wconf 84' lang='lat'><strong>3.</strong></span> <span class='ocrx_word' id='word_1_207' title='bbox 178 2366 295 2430; x_wconf 77' lang='lat' dir='ltr'><strong>legiones</strong></span> <span class='ocrx_word' id='word_1_208' title='bbox 313 2362 357 2414; x_wconf 84' lang='lat' dir='ltr'><strong>TV</strong></span> 
     </span>
    </p>
   </div>
   <div class='ocr_carea' id='block_1_4' title="bbox 87 2480 1226 3981">
    <p class='ocr_par' dir='ltr' id='par_1_5' title="bbox 87 2480 1226 3981">
     <span class='ocr_line' id='line_1_26' title="bbox 167 2480 1206 2550; baseline 0.003 -12"><span class='ocrx_word' id='word_1_209' title='bbox 167 2489 190 2538; x_wconf 80' lang='lat'><strong>2.</strong></span> <span class='ocrx_word' id='word_1_210' title='bbox 208 2487 260 2536; x_wconf 78' lang='lat' dir='ltr'><strong>siba·</strong></span> <span class='ocrx_word' id='word_1_211' title='bbox 276 2500 409 2550; x_wconf 71' lang='lat' dir='ltr'><strong>empeusae</strong></span> <span class='ocrx_word' id='word_1_212' title='bbox 427 2483 497 2545; x_wconf 77' lang='lat' dir='ltr'><strong>ferri</strong></span> <span class='ocrx_word' id='word_1_213' title='bbox 530 2480 567 2536; x_wconf 87' lang='lat' dir='ltr'><strong>‘er</strong></span> <span class='ocrx_word' id='word_1_214' title='bbox 585 2484 641 2536; x_wconf 88' lang='lat' dir='ltr'><strong>liels</strong></span> <span class='ocrx_word' id='word_1_215' title='bbox 693 2484 778 2537; x_wconf 90' lang='lat' dir='ltr'><strong>kunde</strong></span> <span class='ocrx_word' id='word_1_216' title='bbox 790 2484 943 2540; x_wconf 84' lang='lat' dir='ltr'><strong>rorkommt.</strong></span> <span class='ocrx_word' id='word_1_217' title='bbox 970 2486 1062 2540; x_wconf 83' lang='lat' dir='ltr'><strong>Darem</strong></span> <span class='ocrx_word' id='word_1_218' title='bbox 1072 2489 1148 2541; x_wconf 86' lang='lat' dir='ltr'><strong>beilst</strong></span> <span class='ocrx_word' id='word_1_219' title='bbox 1160 2507 1206 2541; x_wconf 76' lang='lat' dir='ltr'><strong>ea-</strong></span> 
     </span>
     <span class='ocr_line' id='line_1_27' title="bbox 131 2547 1206 2620; baseline 0.005 -14"><span class='ocrx_word' id='word_1_220' title='bbox 131 2547 351 2606; x_wconf 83' lang='lat' dir='ltr'><strong>sicbeuszalrlen&#39;.</strong></span> <span class='ocrx_word' id='word_1_221' title='bbox 369 2551 641 2605; x_wconf 82' lang='lat' dir='ltr'><strong>Jedeermerltrbrte</strong></span> <span class='ocrx_word' id='word_1_222' title='bbox 691 2569 803 2616; x_wconf 81' lang='lat' dir='ltr'><strong>pensum</strong></span> <span class='ocrx_word' id='word_1_223' title='bbox 831 2552 905 2613; x_wconf 77' lang='lat' dir='ltr'><strong>serre</strong></span> <span class='ocrx_word' id='word_1_224' title='bbox 940 2555 1064 2620; x_wconf 83' lang='lat' dir='ltr'><strong>geradezu</strong></span> <span class='ocrx_word' id='word_1_225' title='bbox 1090 2551 1206 2611; x_wconf 78' lang='lat' dir='ltr'><strong>‘aussch-</strong></span> 
     </span>
     <span class='ocr_line' id='line_1_28' title="bbox 131 2616 1205 2686; baseline 0.006 -14"><span class='ocrx_word' id='word_1_226' title='bbox 131 2621 239 2673; x_wconf 82' lang='lat' dir='ltr'><strong>ldralle</strong></span> <span class='ocrx_word' id='word_1_227' title='bbox 257 2621 395 2686; x_wconf 83' lang='lat' dir='ltr'><strong>Ausgaben</strong></span> <span class='ocrx_word' id='word_1_228' title='bbox 418 2621 467 2672; x_wconf 92' lang='lat' dir='ltr'><strong>und</strong></span> <span class='ocrx_word' id='word_1_229' title='bbox 485 2620 642 2672; x_wconf 88' lang='lat' dir='ltr'><strong>Einnebmen</strong></span> <span class='ocrx_word' id='word_1_230' title='bbox 695 2616 753 2673; x_wconf 88' lang='lat' dir='ltr'><strong>len‘.</strong></span> <span class='ocrx_word' id='word_1_231' title='bbox 795 2621 851 2686; x_wconf 85' lang='lat' dir='ltr'><strong>Vgl.</strong></span> <span class='ocrx_word' id='word_1_232' title='bbox 876 2621 917 2673; x_wconf 91' lang='lat' dir='ltr'><strong>W.</strong></span> <span class='ocrx_word' id='word_1_233' title='bbox 936 2623 1013 2686; x_wconf 88' lang='lat' dir='ltr'><strong>Rein,</strong></span> <span class='ocrx_word' id='word_1_234' title='bbox 1033 2624 1082 2676; x_wconf 81' lang='lat' dir='ltr'><strong>llas</strong></span> <span class='ocrx_word' id='word_1_235' title='bbox 1108 2625 1205 2678; x_wconf 88' lang='lat' dir='ltr'><strong>Privat-</strong></span> 
     </span>
     <span class='ocr_line' id='line_1_29' title="bbox 132 2687 1204 2756; baseline 0.005 -15"><span class='ocrx_word' id='word_1_236' title='bbox 132 2689 188 2741; x_wconf 87' lang='lat' dir='ltr'><strong>sein</strong></span> <span class='ocrx_word' id='word_1_237' title='bbox 213 2687 347 2740; x_wconf 86' lang='lat' dir='ltr'><strong>Heusbuch</strong></span> <span class='ocrx_word' id='word_1_238' title='bbox 371 2689 465 2754; x_wconf 70' lang='lat' dir='ltr'><strong>(codem</strong></span> <span class='ocrx_word' id='word_1_239' title='bbox 488 2690 550 2740; x_wconf 89' lang='lat' dir='ltr'><strong>oder</strong></span> <span class='ocrx_word' id='word_1_240' title='bbox 569 2690 643 2740; x_wconf 85' lang='lat' dir='ltr'><strong>tabu·</strong></span> <span class='ocrx_word' id='word_1_241' title='bbox 694 2689 766 2741; x_wconf 90' lang='lat' dir='ltr'><strong>recht</strong></span> <span class='ocrx_word' id='word_1_242' title='bbox 776 2706 799 2741; x_wconf 90' lang='lat' dir='ltr'><strong>u.</strong></span> <span class='ocrx_word' id='word_1_243' title='bbox 813 2690 857 2741; x_wconf 86' lang='lat' dir='ltr'><strong>der</strong></span> <span class='ocrx_word' id='word_1_244' title='bbox 870 2690 1035 2756; x_wconf 81' lang='lat' dir='ltr'><strong>Civilprooels</strong></span> <span class='ocrx_word' id='word_1_245' title='bbox 1048 2692 1092 2744; x_wconf 89' lang='lat' dir='ltr'><strong>der</strong></span> <span class='ocrx_word' id='word_1_246' title='bbox 1104 2693 1204 2746; x_wconf 85' lang='lat' dir='ltr'><strong>Rdmer.</strong></span> 
     </span>
     <span class='ocr_line' id='line_1_30' title="bbox 133 2757 1043 2824; baseline 0.004 -17"><span class='ocrx_word' id='word_1_247' title='bbox 133 2758 177 2808; x_wconf 82' lang='lat' dir='ltr'><strong>loe</strong></span> <span class='ocrx_word' id='word_1_248' title='bbox 199 2760 307 2821; x_wconf 70' lang='lat' dir='ltr'><strong>expensi</strong></span> <span class='ocrx_word' id='word_1_249' title='bbox 333 2763 359 2807; x_wconf 87' lang='lat' dir='ltr'><strong>et</strong></span> <span class='ocrx_word' id='word_1_250' title='bbox 385 2759 495 2822; x_wconf 78' lang='lat' dir='ltr'><strong>accepti)</strong></span> <span class='ocrx_word' id='word_1_251' title='bbox 522 2757 568 2808; x_wconf 87' lang='lat' dir='ltr'><strong>mit</strong></span> <span class='ocrx_word' id='word_1_252' title='bbox 594 2757 643 2809; x_wconf 88' lang='lat' dir='ltr'><strong>den</strong></span> <span class='ocrx_word' id='word_1_253' title='bbox 695 2757 800 2824; x_wconf 85' lang='lat' dir='ltr'><strong>Leipzig</strong></span> <span class='ocrx_word' id='word_1_254' title='bbox 820 2760 893 2810; x_wconf 78' lang='lat'>1858.</span> <span class='ocrx_word' id='word_1_255' title='bbox 912 2757 937 2809; x_wconf 90' lang='lat' dir='ltr'><strong>S.</strong></span> <span class='ocrx_word' id='word_1_256' title='bbox 957 2758 1043 2811; x_wconf 73' lang='lat' dir='ltr'><strong>cerff.</strong></span> 
     </span>
     <span class='ocr_line' id='line_1_31' title="bbox 132 2821 1204 2890; baseline 0.005 -14"><span class='ocrx_word' id='word_1_257' title='bbox 132 2823 226 2876; x_wconf 89' lang='lat' dir='ltr'><strong>beiden</strong></span> <span class='ocrx_word' id='word_1_258' title='bbox 244 2823 373 2876; x_wconf 87' lang='lat' dir='ltr'><strong>Rubriken</strong></span> <span class='ocrx_word' id='word_1_259' title='bbox 391 2841 507 2890; x_wconf 68' lang='lat' dir='ltr'><strong>meuse</strong></span> <span class='ocrx_word' id='word_1_260' title='bbox 525 2824 577 2876; x_wconf 89' lang='lat' dir='ltr'><strong>und</strong></span> <span class='ocrx_word' id='word_1_261' title='bbox 601 2840 644 2874; x_wconf 86' lang='lat' dir='ltr'><strong>cc·</strong></span> <span class='ocrx_word' id='word_1_262' title='bbox 730 2821 1204 2881; x_wconf 80' lang='lat' dir='ltr'><strong>simulationis*causo=‘desScbei·</strong></span> 
     </span>
     <span class='ocr_line' id='line_1_32' title="bbox 132 2888 1175 2960; baseline 0.001 -16"><span class='ocrx_word' id='word_1_263' title='bbox 132 2898 217 2959; x_wconf 82' lang='lat' dir='ltr'><strong>cepta.</strong></span> <span class='ocrx_word' id='word_1_264' title='bbox 247 2893 271 2944; x_wconf 91' lang='lat' dir='ltr'><strong>ln</strong></span> <span class='ocrx_word' id='word_1_265' title='bbox 290 2893 373 2944; x_wconf 89' lang='lat' dir='ltr'><strong>dieses</strong></span> <span class='ocrx_word' id='word_1_266' title='bbox 390 2888 556 2944; x_wconf 82' lang='lat' dir='ltr'><strong>‘Kassabucb’</strong></span> <span class='ocrx_word' id='word_1_267' title='bbox 576 2907 644 2944; x_wconf 86' lang='lat' dir='ltr'><strong>wur-</strong></span> <span class='ocrx_word' id='word_1_268' title='bbox 696 2908 741 2944; x_wconf 90' lang='lat' dir='ltr'><strong>nes</strong></span> <span class='ocrx_word' id='word_1_269' title='bbox 761 2889 868 2960; x_wconf 86' lang='lat' dir='ltr'><strong>wegen‘.</strong></span> <span class='ocrx_word' id='word_1_270' title='bbox 1173 2923 1175 2931; x_wconf 43' lang='grc' dir='ltr'><strong>ν</strong></span> 
     </span>
     <span class='ocr_line' id='line_1_33' title="bbox 131 2959 1205 3027; baseline 0.004 -14"><span class='ocrx_word' id='word_1_271' title='bbox 131 2961 181 3013; x_wconf 86' lang='lat' dir='ltr'><strong>den</strong></span> <span class='ocrx_word' id='word_1_272' title='bbox 202 2960 250 3012; x_wconf 88' lang='lat' dir='ltr'><strong>elle</strong></span> <span class='ocrx_word' id='word_1_273' title='bbox 262 2961 408 3026; x_wconf 38' lang='lat' dir='ltr'><strong>Ausgaben,</strong></span> <span class='ocrx_word' id='word_1_274' title='bbox 419 2961 470 3013; x_wconf 89' lang='lat' dir='ltr'><strong>und</strong></span> <span class='ocrx_word' id='word_1_275' title='bbox 487 2961 643 3012; x_wconf 85' lang='lat' dir='ltr'><strong>Einnabmen</strong></span> <span class='ocrx_word' id='word_1_276' title='bbox 728 2960 775 3022; x_wconf 77' lang='lat'><strong>50,</strong></span> <span class='ocrx_word' id='word_1_277' title='bbox 794 2964 809 3013; x_wconf 83' lang='lat'>2</span> <span class='ocrx_word' id='word_1_278' title='bbox 827 2967 964 3027; x_wconf 81' lang='lat' dir='ltr'><strong>occeptum</strong></span> <span class='ocrx_word' id='word_1_279' title='bbox 981 2963 1133 3023; x_wconf 74' lang='lat' dir='ltr'><strong>referebant</strong></span> <span class='ocrx_word' id='word_1_280' title='bbox 1158 2959 1205 3017; x_wconf 89' lang='lat' dir='ltr'><strong>‘sie</strong></span> 
     </span>
     <span class='ocr_line' id='line_1_34' title="bbox 130 3028 1205 3096; baseline 0.004 -16"><span class='ocrx_word' id='word_1_281' title='bbox 130 3031 157 3081; x_wconf 92' lang='lat' dir='ltr'><strong>in</strong></span> <span class='ocrx_word' id='word_1_282' title='bbox 177 3028 402 3094; x_wconf 83' lang='lat' dir='ltr'><strong>chronologischer</strong></span> <span class='ocrx_word' id='word_1_283' title='bbox 421 3028 542 3095; x_wconf 85' lang='lat' dir='ltr'><strong>Ordnung</strong></span> <span class='ocrx_word' id='word_1_284' title='bbox 559 3030 645 3095; x_wconf 84' lang='lat' dir='ltr'><strong>einge-</strong></span> <span class='ocrx_word' id='word_1_285' title='bbox 696 3030 827 3080; x_wconf 86' lang='lat' dir='ltr'><strong>sebrieben</strong></span> <span class='ocrx_word' id='word_1_286' title='bbox 842 3030 886 3082; x_wconf 90' lang='lat' dir='ltr'><strong>das</strong></span> <span class='ocrx_word' id='word_1_287' title='bbox 900 3029 1090 3096; x_wconf 86' lang='lat' dir='ltr'><strong>Schuldcapital</strong></span> <span class='ocrx_word' id='word_1_288' title='bbox 1103 3033 1142 3084; x_wconf 87' lang='lat' dir='ltr'><strong>als</strong></span> <span class='ocrx_word' id='word_1_289' title='bbox 1154 3048 1205 3084; x_wconf 88' lang='lat' dir='ltr'><strong>em·</strong></span> 
     </span>
     <span class='ocr_line' id='line_1_35' title="bbox 130 3095 1204 3166; baseline 0.003 -17"><span class='ocrx_word' id='word_1_290' title='bbox 130 3107 234 3163; x_wconf 87' lang='lat' dir='ltr'><strong>tragen;</strong></span> <span class='ocrx_word' id='word_1_291' title='bbox 254 3098 331 3148; x_wconf 85' lang='lat' dir='ltr'><strong>somit</strong></span> <span class='ocrx_word' id='word_1_292' title='bbox 349 3097 399 3162; x_wconf 87' lang='lat' dir='ltr'><strong>gab</strong></span> <span class='ocrx_word' id='word_1_293' title='bbox 417 3097 463 3148; x_wconf 90' lang='lat' dir='ltr'><strong>das</strong></span> <span class='ocrx_word' id='word_1_294' title='bbox 475 3097 544 3148; x_wconf 86' lang='lat' dir='ltr'><strong>Bucir</strong></span> <span class='ocrx_word' id='word_1_295' title='bbox 560 3098 645 3166; x_wconf 83' lang='lat' dir='ltr'><strong>jeder·</strong></span> <span class='ocrx_word' id='word_1_296' title='bbox 696 3096 806 3162; x_wconf 87' lang='lat' dir='ltr'><strong>plangen</strong></span> <span class='ocrx_word' id='word_1_297' title='bbox 826 3100 911 3160; x_wconf 80' lang='lat' dir='ltr'><strong>(unter</strong></span> <span class='ocrx_word' id='word_1_298' title='bbox 929 3104 1047 3165; x_wconf 83' lang='lat' dir='ltr'><strong>accepta)</strong></span> <span class='ocrx_word' id='word_1_299' title='bbox 1066 3095 1124 3163; x_wconf 90' lang='lat' dir='ltr'><strong>ein’,</strong></span> <span class='ocrx_word' id='word_1_300' title='bbox 1143 3101 1167 3151; x_wconf 93' lang='lat' dir='ltr'><strong>d.</strong></span> <span class='ocrx_word' id='word_1_301' title='bbox 1180 3102 1204 3152; x_wconf 89' lang='lat' dir='ltr'><strong>b.</strong></span> 
     </span>
     <span class='ocr_line' id='line_1_36' title="bbox 87 3164 1226 3234; baseline 0.001 -17"><span class='ocrx_word' id='word_1_302' title='bbox 87 3225 90 3232; x_wconf 17' lang='grc' dir='ltr'><strong>Α</strong></span> <span class='ocrx_word' id='word_1_303' title='bbox 129 3167 191 3230; x_wconf 77' lang='lat' dir='ltr'><strong>neit,</strong></span> <span class='ocrx_word' id='word_1_304' title='bbox 210 3180 284 3217; x_wconf 86' lang='lat' dir='ltr'><strong>wcnn</strong></span> <span class='ocrx_word' id='word_1_305' title='bbox 303 3180 360 3216; x_wconf 89' lang='lat' dir='ltr'><strong>man</strong></span> <span class='ocrx_word' id='word_1_306' title='bbox 379 3165 420 3217; x_wconf 91' lang='lat' dir='ltr'><strong>die</strong></span> <span class='ocrx_word' id='word_1_307' title='bbox 438 3165 529 3216; x_wconf 88' lang='lat' dir='ltr'><strong>beiden</strong></span> <span class='ocrx_word' id='word_1_308' title='bbox 548 3164 644 3216; x_wconf 88' lang='lat' dir='ltr'><strong>Reiben</strong></span> <span class='ocrx_word' id='word_1_309' title='bbox 696 3167 734 3217; x_wconf 86' lang='lat' dir='ltr'><strong>sic</strong></span> <span class='ocrx_word' id='word_1_310' title='bbox 752 3166 915 3232; x_wconf 73' lang='lat' dir='ltr'><strong>bestbtigtem</strong></span> <span class='ocrx_word' id='word_1_311' title='bbox 937 3166 992 3218; x_wconf 89' lang='lat' dir='ltr'><strong>dals</strong></span> <span class='ocrx_word' id='word_1_312' title='bbox 1010 3168 1052 3220; x_wconf 90' lang='lat' dir='ltr'><strong>die</strong></span> <span class='ocrx_word' id='word_1_313' title='bbox 1070 3167 1226 3234; x_wconf 79' lang='lat' dir='ltr'><strong>Gliubiger·</strong></span> 
     </span>
     <span class='ocr_line' id='line_1_37' title="bbox 130 3232 1204 3301; baseline 0.002 -15"><span class='ocrx_word' id='word_1_314' title='bbox 130 3234 279 3286; x_wconf 86' lang='lat' dir='ltr'><strong>summierte</strong></span> <span class='ocrx_word' id='word_1_315' title='bbox 308 3232 360 3284; x_wconf 89' lang='lat' dir='ltr'><strong>und</strong></span> <span class='ocrx_word' id='word_1_316' title='bbox 385 3233 451 3284; x_wconf 89' lang='lat' dir='ltr'><strong>dano</strong></span> <span class='ocrx_word' id='word_1_317' title='bbox 476 3233 643 3285; x_wconf 88' lang='lat' dir='ltr'><strong>miteinander</strong></span> <span class='ocrx_word' id='word_1_318' title='bbox 695 3233 1204 3301; x_wconf 82' lang='lat' dir='ltr'><strong>ibnendasDarlebnausgezahltb‘atten.</strong></span> 
     </span>
     <span class='ocr_line' id='line_1_38' title="bbox 129 3299 1205 3369; baseline 0.004 -17"><span class='ocrx_word' id='word_1_319' title='bbox 129 3301 246 3368; x_wconf 85' lang='lat' dir='ltr'><strong>vergliclt</strong></span> <span class='ocrx_word' id='word_1_320' title='bbox 275 3299 399 3364; x_wconf 89' lang='lat' dir='ltr'><strong>(Bilance)</strong></span> <span class='ocrx_word' id='word_1_321' title='bbox 427 3301 475 3353; x_wconf 88' lang='lat' dir='ltr'><strong>den</strong></span> <span class='ocrx_word' id='word_1_322' title='bbox 500 3301 643 3353; x_wconf 89' lang='lat' dir='ltr'><strong>Kassenbe·</strong></span> <span class='ocrx_word' id='word_1_323' title='bbox 695 3299 752 3366; x_wconf 87' lang='lat' dir='ltr'><strong>Vgl.</strong></span> <span class='ocrx_word' id='word_1_324' title='bbox 771 3303 844 3354; x_wconf 83' lang='lat' dir='ltr'><strong>Arm.</strong></span> <span class='ocrx_word' id='word_1_325' title='bbox 863 3317 894 3352; x_wconf 87' lang='lat' dir='ltr'><strong>zu</strong></span> <span class='ocrx_word' id='word_1_326' title='bbox 912 3305 954 3366; x_wconf 82' lang='lat'><strong>49,</strong></span> <span class='ocrx_word' id='word_1_327' title='bbox 970 3305 985 3356; x_wconf 78' lang='lat'>2</span> <span class='ocrx_word' id='word_1_328' title='bbox 1004 3305 1055 3355; x_wconf 91' lang='lat' dir='ltr'><strong>und</strong></span> <span class='ocrx_word' id='word_1_329' title='bbox 1073 3321 1103 3356; x_wconf 85' lang='lat' dir='ltr'><strong>au</strong></span> <span class='ocrx_word' id='word_1_330' title='bbox 1123 3307 1163 3369; x_wconf 81' lang='grc'><strong>56,</strong></span> <span class='ocrx_word' id='word_1_331' title='bbox 1182 3308 1205 3357; x_wconf 85' lang='grc'><strong>3.</strong></span> 
     </span>
     <span class='ocr_line' id='line_1_39' title="bbox 130 3357 1205 3438; baseline 0.003 -16"><span class='ocrx_word' id='word_1_332' title='bbox 130 3370 207 3422; x_wconf 63' lang='lat' dir='ltr'><strong>eund</strong></span> <span class='ocrx_word' id='word_1_333' title='bbox 226 3385 307 3435; x_wconf 87' lang='lat' dir='ltr'><strong>genau</strong></span> <span class='ocrx_word' id='word_1_334' title='bbox 322 3385 361 3420; x_wconf 93' lang='lat' dir='ltr'><strong>an.</strong></span> <span class='ocrx_word' id='word_1_335' title='bbox 392 3368 473 3421; x_wconf 89' lang='lat' dir='ltr'><strong>Uuter</strong></span> <span class='ocrx_word' id='word_1_336' title='bbox 487 3365 641 3436; x_wconf 80' lang='lat' dir='ltr'><strong>‘Ansgabeu’</strong></span> <span class='ocrx_word' id='word_1_337' title='bbox 696 3357 763 3420; x_wconf 79' lang='lat' dir='ltr'><strong>beer</strong></span> <span class='ocrx_word' id='word_1_338' title='bbox 781 3370 821 3422; x_wconf 91' lang='lat' dir='ltr'><strong>die</strong></span> <span class='ocrx_word' id='word_1_339' title='bbox 840 3369 977 3436; x_wconf 79' lang='lat' dir='ltr'><strong>folgenden</strong></span> <span class='ocrx_word' id='word_1_340' title='bbox 996 3371 1144 3425; x_wconf 80' lang='lat' dir='ltr'><strong>Ausdrirclte</strong></span> <span class='ocrx_word' id='word_1_341' title='bbox 1162 3388 1205 3438; x_wconf 85' lang='lat' dir='ltr'><strong>ge-</strong></span> 
     </span>
     <span class='ocr_line' id='line_1_40' title="bbox 130 3436 1205 3502; baseline 0.003 -14"><span class='ocrx_word' id='word_1_342' title='bbox 130 3437 642 3502; x_wconf 76' lang='lat' dir='ltr'><strong>wurdeaucbeiuDarlebneingetregem</strong></span> <span class='ocrx_word' id='word_1_343' title='bbox 695 3437 743 3488; x_wconf 90' lang='lat' dir='ltr'><strong>beu</strong></span> <span class='ocrx_word' id='word_1_344' title='bbox 771 3438 811 3488; x_wconf 90' lang='lat' dir='ltr'><strong>die</strong></span> <span class='ocrx_word' id='word_1_345' title='bbox 833 3436 945 3490; x_wconf 88' lang='lat' dir='ltr'><strong>Juristen</strong></span> <span class='ocrx_word' id='word_1_346' title='bbox 971 3438 1047 3492; x_wconf 77' lang='lat' dir='ltr'><strong>lisine</strong></span> <span class='ocrx_word' id='word_1_347' title='bbox 1069 3439 1205 3492; x_wconf 67' lang='lat' dir='ltr'><strong>Auskunlt.</strong></span> 
     </span>
     <span class='ocr_line' id='line_1_41' title="bbox 130 3505 1206 3574; baseline 0.002 -17"><span class='ocrx_word' id='word_1_348' title='bbox 130 3505 245 3558; x_wconf 81' lang='lat' dir='ltr'><strong>welches</strong></span> <span class='ocrx_word' id='word_1_349' title='bbox 272 3521 330 3556; x_wconf 91' lang='lat' dir='ltr'><strong>man</strong></span> <span class='ocrx_word' id='word_1_350' title='bbox 355 3505 437 3558; x_wconf 84' lang='lat' dir='ltr'><strong>ciuem</strong></span> <span class='ocrx_word' id='word_1_351' title='bbox 462 3506 570 3558; x_wconf 85' lang='lat' dir='ltr'><strong>anderen</strong></span> <span class='ocrx_word' id='word_1_352' title='bbox 601 3521 643 3570; x_wconf 90' lang='lat' dir='ltr'><strong>ge·</strong></span> <span class='ocrx_word' id='word_1_353' title='bbox 696 3505 767 3556; x_wconf 89' lang='lat' dir='ltr'><strong>Nach</strong></span> <span class='ocrx_word' id='word_1_354' title='bbox 791 3506 848 3558; x_wconf 84' lang='lat' dir='ltr'><strong>dem</strong></span> <span class='ocrx_word' id='word_1_355' title='bbox 867 3506 1086 3573; x_wconf 85' lang='lat' dir='ltr'><strong>Zusammenbang</strong></span> <span class='ocrx_word' id='word_1_356' title='bbox 1108 3509 1206 3574; x_wconf 82' lang='lat' dir='ltr'><strong>ergiebt</strong></span> 
     </span>
     <span class='ocr_line' id='line_1_42' title="bbox 130 3572 1204 3642; baseline 0.004 -18"><span class='ocrx_word' id='word_1_357' title='bbox 130 3574 239 3636; x_wconf 77' lang='lat' dir='ltr'><strong>wibrte,</strong></span> <span class='ocrx_word' id='word_1_358' title='bbox 252 3573 364 3625; x_wconf 89' lang='lat' dir='ltr'><strong>mitdem</strong></span> <span class='ocrx_word' id='word_1_359' title='bbox 374 3574 472 3625; x_wconf 84' lang='lat' dir='ltr'><strong>Nomen</strong></span> <span class='ocrx_word' id='word_1_360' title='bbox 482 3574 526 3625; x_wconf 88' lang='lat' dir='ltr'><strong>des</strong></span> <span class='ocrx_word' id='word_1_361' title='bbox 537 3572 644 3625; x_wconf 89' lang='lat' dir='ltr'><strong>Schuld-</strong></span> <span class='ocrx_word' id='word_1_362' title='bbox 696 3573 750 3624; x_wconf 87' lang='lat' dir='ltr'><strong>sicb</strong></span> <span class='ocrx_word' id='word_1_363' title='bbox 770 3573 810 3625; x_wconf 90' lang='lat' dir='ltr'><strong>die</strong></span> <span class='ocrx_word' id='word_1_364' title='bbox 824 3573 976 3640; x_wconf 76' lang='lat' dir='ltr'><strong>Erklirung:</strong></span> <span class='ocrx_word' id='word_1_365' title='bbox 995 3575 1145 3642; x_wconf 88' lang='lat' dir='ltr'><strong>ilapitalien,</strong></span> <span class='ocrx_word' id='word_1_366' title='bbox 1164 3577 1204 3628; x_wconf 90' lang='lat' dir='ltr'><strong>die</strong></span> 
     </span>
     <span class='ocr_line' id='line_1_43' title="bbox 131 3641 1205 3709; baseline 0.001 -16"><span class='ocrx_word' id='word_1_367' title='bbox 131 3657 190 3694; x_wconf 85' lang='lat' dir='ltr'><strong>ners</strong></span> <span class='ocrx_word' id='word_1_368' title='bbox 208 3642 303 3704; x_wconf 68' lang='lat' dir='ltr'><strong>(about</strong></span> <span class='ocrx_word' id='word_1_369' title='bbox 319 3657 463 3706; x_wconf 75' lang='lat' dir='ltr'><strong>eoepensum</strong></span> <span class='ocrx_word' id='word_1_370' title='bbox 480 3641 572 3705; x_wconf 80' lang='lat' dir='ltr'><strong>ferre),</strong></span> <span class='ocrx_word' id='word_1_371' title='bbox 591 3656 644 3692; x_wconf 86' lang='lat' dir='ltr'><strong>wo-</strong></span> <span class='ocrx_word' id='word_1_372' title='bbox 696 3642 791 3693; x_wconf 88' lang='lat' dir='ltr'><strong>bereits</strong></span> <span class='ocrx_word' id='word_1_373' title='bbox 802 3641 871 3708; x_wconf 82' lang='lat' dir='ltr'><strong>tetttg</strong></span> <span class='ocrx_word' id='word_1_374' title='bbox 883 3645 1205 3709; x_wconf 77' lang='lat' dir='ltr'><strong>warentquodtmsretue-</strong></span> 
     </span>
     <span class='ocr_line' id='line_1_44' title="bbox 131 3708 1206 3776; baseline 0.002 -14"><span class='ocrx_word' id='word_1_375' title='bbox 131 3709 211 3762; x_wconf 85' lang='lat' dir='ltr'><strong>dnrcb</strong></span> <span class='ocrx_word' id='word_1_376' title='bbox 229 3710 273 3761; x_wconf 85' lang='lat' dir='ltr'><strong>der</strong></span> <span class='ocrx_word' id='word_1_377' title='bbox 286 3709 426 3761; x_wconf 89' lang='lat' dir='ltr'><strong>Schuldner</strong></span> <span class='ocrx_word' id='word_1_378' title='bbox 438 3725 468 3761; x_wconf 88' lang='lat' dir='ltr'><strong>so</strong></span> <span class='ocrx_word' id='word_1_379' title='bbox 484 3708 646 3776; x_wconf 86' lang='lat' dir='ltr'><strong>verplliebtet</strong></span> <span class='ocrx_word' id='word_1_380' title='bbox 696 3712 750 3772; x_wconf 82' lang='lat' dir='ltr'><strong>rot)</strong></span> <span class='ocrx_word' id='word_1_381' title='bbox 768 3709 829 3761; x_wconf 91' lang='lat' dir='ltr'><strong>oder</strong></span> <span class='ocrx_word' id='word_1_382' title='bbox 842 3726 883 3760; x_wconf 88' lang='lat' dir='ltr'><strong>um</strong></span> <span class='ocrx_word' id='word_1_383' title='bbox 904 3710 1000 3762; x_wconf 88' lang='lat' dir='ltr'><strong>welche</strong></span> <span class='ocrx_word' id='word_1_384' title='bbox 1015 3712 1055 3763; x_wconf 90' lang='lat' dir='ltr'><strong>die</strong></span> <span class='ocrx_word' id='word_1_385' title='bbox 1069 3710 1206 3776; x_wconf 78' lang='lat' dir='ltr'><strong>Gliubiger</strong></span> 
     </span>
     <span class='ocr_line' id='line_1_45' title="bbox 130 3776 1206 3845; baseline -0.001 -16"><span class='ocrx_word' id='word_1_386' title='bbox 130 3778 229 3843; x_wconf 79' lang='lat' dir='ltr'><strong>werde,</strong></span> <span class='ocrx_word' id='word_1_387' title='bbox 247 3778 285 3828; x_wconf 88' lang='lat' dir='ltr'><strong>als</strong></span> <span class='ocrx_word' id='word_1_388' title='bbox 301 3792 376 3828; x_wconf 86' lang='lat' dir='ltr'><strong>wenn</strong></span> <span class='ocrx_word' id='word_1_389' title='bbox 393 3793 420 3829; x_wconf 88' lang='lat' dir='ltr'><strong>er</strong></span> <span class='ocrx_word' id='word_1_390' title='bbox 432 3779 489 3830; x_wconf 89' lang='lat' dir='ltr'><strong>eine</strong></span> <span class='ocrx_word' id='word_1_391' title='bbox 501 3779 561 3829; x_wconf 87' lang='lat' dir='ltr'><strong>bare</strong></span> <span class='ocrx_word' id='word_1_392' title='bbox 571 3777 645 3830; x_wconf 88' lang='lat' dir='ltr'><strong>Geld-</strong></span> <span class='ocrx_word' id='word_1_393' title='bbox 697 3776 1088 3845; x_wconf 76' lang='lat' dir='ltr'><strong>schongemabntbattentquod</strong></span> <span class='ocrx_word' id='word_1_394' title='bbox 1101 3783 1206 3829; x_wconf 69' lang='lat' dir='ltr'><strong>matta-</strong></span> 
     </span>
     <span class='ocr_line' id='line_1_46' title="bbox 131 3845 1205 3911; baseline 0.002 -13"><span class='ocrx_word' id='word_1_395' title='bbox 131 3862 230 3899; x_wconf 87' lang='lat' dir='ltr'><strong>summe</strong></span> <span class='ocrx_word' id='word_1_396' title='bbox 254 3847 368 3897; x_wconf 86' lang='lat' dir='ltr'><strong>erbalten</strong></span> <span class='ocrx_word' id='word_1_397' title='bbox 394 3847 476 3908; x_wconf 81' lang='lat' dir='ltr'><strong>bitte,</strong></span> <span class='ocrx_word' id='word_1_398' title='bbox 499 3847 567 3898; x_wconf 91' lang='lat' dir='ltr'><strong>obne</strong></span> <span class='ocrx_word' id='word_1_399' title='bbox 590 3845 645 3896; x_wconf 91' lang='lat' dir='ltr'><strong>dals</strong></span> <span class='ocrx_word' id='word_1_400' title='bbox 697 3846 874 3911; x_wconf 82' lang='lat' dir='ltr'><strong>terpellotum)</strong></span> <span class='ocrx_word' id='word_1_401' title='bbox 892 3847 1025 3899; x_wconf 86' lang='lat' dir='ltr'><strong>sebrieben</strong></span> <span class='ocrx_word' id='word_1_402' title='bbox 1044 3847 1081 3898; x_wconf 89' lang='lat' dir='ltr'><strong>sie</strong></span> <span class='ocrx_word' id='word_1_403' title='bbox 1098 3846 1143 3897; x_wconf 86' lang='lat' dir='ltr'><strong>sul</strong></span> <span class='ocrx_word' id='word_1_404' title='bbox 1159 3847 1205 3900; x_wconf 87' lang='lat' dir='ltr'><strong>das</strong></span> 
     </span>
     <span class='ocr_line' id='line_1_47' title="bbox 133 3912 1188 3981; baseline 0.001 -15"><span class='ocrx_word' id='word_1_405' title='bbox 133 3914 210 3967; x_wconf 88' lang='lat' dir='ltr'><strong>dabei</strong></span> <span class='ocrx_word' id='word_1_406' title='bbox 227 3914 316 3980; x_wconf 86' lang='lat' dir='ltr'><strong>irgend</strong></span> <span class='ocrx_word' id='word_1_407' title='bbox 335 3913 392 3965; x_wconf 89' lang='lat' dir='ltr'><strong>eine</strong></span> <span class='ocrx_word' id='word_1_408' title='bbox 410 3914 582 3980; x_wconf 76' lang='lat' dir='ltr'><strong>selbstdudige</strong></span> <span class='ocrx_word' id='word_1_409' title='bbox 603 3912 645 3964; x_wconf 88' lang='lat' dir='ltr'><strong>Ur·</strong></span> <span class='ocrx_word' id='word_1_410' title='bbox 697 3913 778 3964; x_wconf 84' lang='lat' dir='ltr'><strong>Conto</strong></span> <span class='ocrx_word' id='word_1_411' title='bbox 796 3914 841 3964; x_wconf 87' lang='lat' dir='ltr'><strong>des</strong></span> <span class='ocrx_word' id='word_1_412' title='bbox 861 3915 962 3966; x_wconf 85' lang='lat' dir='ltr'><strong>Cassius</strong></span> <span class='ocrx_word' id='word_1_413' title='bbox 980 3916 1188 3981; x_wconf 77' lang='lat' dir='ltr'><strong>(adsignatam).</strong></span> 
     </span>
    </p>
   </div>
   <div class='ocr_carea' id='block_1_5' title="bbox 0 0 1436 4572">
    <p class='ocr_par' dir='ltr' id='par_1_6' title="bbox 0 0 1436 4572">
     <span class='ocr_line' id='line_1_48' title="bbox 0 0 1436 4572; baseline 0 0"><span class='ocrx_word' id='word_1_414' title='bbox 0 0 1436 4572; x_wconf 95' lang='lat' dir='ltr'><strong> </strong></span> 
     </span>
    </p>
   </div>
  </div>
 </body>
</html>
