<?xml version="1.0" encoding="UTF-8"?>
<!DOCTYPE html PUBLIC "-//W3C//DTD XHTML 1.0 Transitional//EN"
    "http://www.w3.org/TR/xhtml1/DTD/xhtml1-transitional.dtd">
<html xmlns="http://www.w3.org/1999/xhtml" xml:lang="en" lang="en">
 <head>
  <title>
</title>
<meta http-equiv="Content-Type" content="text/html;charset=utf-8" />
  <meta name='ocr-system' content='tesseract 3.04.00' />
  <meta name='ocr-capabilities' content='ocr_page ocr_carea ocr_par ocr_line ocrx_word'/>
</head>
<body>
  <div class='ocr_page' id='page_1' title='image "bellumalexandri00hirtgoog_0044.png"; bbox 0 0 2860 4572; ppageno 0'>
   <div class='ocr_carea' id='block_1_1' title="bbox 581 263 1223 322">
    <p class='ocr_par' dir='ltr' id='par_1_1' title="bbox 581 263 1223 322">
     <span class='ocr_line' id='line_1_1' title="bbox 581 263 1223 322; baseline 0.006 -4"><span class='ocrx_word' id='word_1_1' title='bbox 581 264 689 318; x_wconf 77' lang='lat' dir='ltr'>CAPUT</span> <span class='ocrx_word' id='word_1_2' title='bbox 708 268 748 318; x_wconf 83' lang='lat'><strong>36.</strong></span> <span class='ocrx_word' id='word_1_3' title='bbox 762 268 802 318; x_wconf 77' lang='lat' dir='ltr'><strong>at.</strong></span> <span class='ocrx_word' id='word_1_4' title='bbox 1185 263 1223 322; x_wconf 88' lang='lat'><strong>31</strong></span> 
     </span>
    </p>
   </div>
   <div class='ocr_carea' id='block_1_2' title="bbox 152 436 1225 519">
    <p class='ocr_par' dir='ltr' id='par_1_2' title="bbox 152 436 1225 519">
     <span class='ocr_line' id='line_1_2' title="bbox 152 436 1225 519; baseline -0.003 -19"><span class='ocrx_word' id='word_1_5' title='bbox 152 439 233 519; x_wconf 91' lang='lat' dir='ltr'><strong>quod</strong></span> <span class='ocrx_word' id='word_1_6' title='bbox 264 439 404 519; x_wconf 92' lang='lat' dir='ltr'><strong>oppidum</strong></span> <span class='ocrx_word' id='word_1_7' title='bbox 433 437 562 517; x_wconf 90' lang='lat' dir='ltr'><strong>positum</strong></span> <span class='ocrx_word' id='word_1_8' title='bbox 584 438 614 498; x_wconf 92' lang='lat' dir='ltr'><strong>in</strong></span> <span class='ocrx_word' id='word_1_9' title='bbox 637 437 776 499; x_wconf 79' lang='lat' dir='ltr'><strong>Armenia</strong></span> <span class='ocrx_word' id='word_1_10' title='bbox 804 437 919 498; x_wconf 87' lang='lat' dir='ltr'><strong>minore</strong></span> <span class='ocrx_word' id='word_1_11' title='bbox 942 445 986 498; x_wconf 90' lang='lat' dir='ltr'><strong>est</strong></span> <span class='ocrx_word' id='word_1_12' title='bbox 1012 437 1101 516; x_wconf 91' lang='lat' dir='ltr'><strong>plano</strong></span> <span class='ocrx_word' id='word_1_13' title='bbox 1129 436 1225 516; x_wconf 88' lang='lat' dir='ltr'><strong>ipsum</strong></span> 
     </span>
    </p>
   </div>
   <div class='ocr_carea' id='block_1_3' title="bbox 149 521 1276 2138">
    <p class='ocr_par' dir='ltr' id='par_1_3' title="bbox 149 521 1276 2138">
     <span class='ocr_line' id='line_1_3' title="bbox 152 521 1227 586; baseline -0.002 -1"><span class='ocrx_word' id='word_1_14' title='bbox 152 525 219 586; x_wconf 92' lang='lat' dir='ltr'><strong>loco</strong></span> <span class='ocrx_word' id='word_1_15' title='bbox 251 525 402 585; x_wconf 91' lang='lat' dir='ltr'><strong>montibus</strong></span> <span class='ocrx_word' id='word_1_16' title='bbox 429 532 527 584; x_wconf 89' lang='lat' dir='ltr'><strong>tamen</strong></span> <span class='ocrx_word' id='word_1_17' title='bbox 551 523 615 584; x_wconf 89' lang='lat' dir='ltr'><strong>altis</strong></span> <span class='ocrx_word' id='word_1_18' title='bbox 638 523 673 583; x_wconf 87' lang='lat' dir='ltr'><strong>ab</strong></span> <span class='ocrx_word' id='word_1_19' title='bbox 703 522 818 584; x_wconf 86' lang='lat' dir='ltr'><strong>duobus</strong></span> <span class='ocrx_word' id='word_1_20' title='bbox 846 521 986 583; x_wconf 89' lang='lat' dir='ltr'><strong>lateribus</strong></span> <span class='ocrx_word' id='word_1_21' title='bbox 1014 522 1135 583; x_wconf 89' lang='lat' dir='ltr'><strong>obiectis</strong></span> <span class='ocrx_word' id='word_1_22' title='bbox 1157 522 1227 584; x_wconf 90' lang='lat' dir='ltr'><strong>satis</strong></span> 
     </span>
     <span class='ocr_line' id='line_1_4' title="bbox 151 607 1225 688; baseline -0.001 -18"><span class='ocrx_word' id='word_1_23' title='bbox 151 627 262 686; x_wconf 84' lang='lat' dir='ltr'><strong>magno</strong></span> <span class='ocrx_word' id='word_1_24' title='bbox 285 609 437 670; x_wconf 89' lang='lat' dir='ltr'><strong>intervallo</strong></span> <span class='ocrx_word' id='word_1_25' title='bbox 453 609 488 668; x_wconf 93' lang='lat' dir='ltr'><strong>ab</strong></span> <span class='ocrx_word' id='word_1_26' title='bbox 502 609 612 688; x_wconf 90' lang='lat' dir='ltr'><strong>oppido</strong></span> <span class='ocrx_word' id='word_1_27' title='bbox 627 609 757 680; x_wconf 88' lang='lat' dir='ltr'><strong>remotis,</strong></span> <span class='ocrx_word' id='word_1_28' title='bbox 782 616 875 668; x_wconf 88' lang='lat' dir='ltr'><strong>castra</strong></span> <span class='ocrx_word' id='word_1_29' title='bbox 891 607 990 686; x_wconf 78' lang='lat' dir='ltr'>posuit</span> <span class='ocrx_word' id='word_1_30' title='bbox 1004 607 1092 686; x_wconf 83' lang='lat' dir='ltr'><strong>longe</strong></span> <span class='ocrx_word' id='word_1_31' title='bbox 1107 625 1123 667; x_wconf 93' lang='lat' dir='ltr'><strong>a</strong></span> <span class='ocrx_word' id='word_1_32' title='bbox 1139 607 1225 669; x_wconf 93' lang='lat' dir='ltr'><strong>Nico-</strong></span> 
     </span>
     <span class='ocr_line' id='line_1_5' title="bbox 151 692 1255 776; baseline -0.004 -20"><span class='ocrx_word' id='word_1_33' title='bbox 151 695 214 776; x_wconf 85' lang='lat' dir='ltr'>poli</span> <span class='ocrx_word' id='word_1_34' title='bbox 237 695 355 756; x_wconf 82' lang='lat' dir='ltr'><strong>circiter</strong></span> <span class='ocrx_word' id='word_1_35' title='bbox 377 694 455 754; x_wconf 91' lang='lat' dir='ltr'><strong>milia</strong></span> <span class='ocrx_word' id='word_1_36' title='bbox 478 711 617 773; x_wconf 81' lang='lat' dir='ltr'><strong>passuum</strong></span> <span class='ocrx_word' id='word_1_37' title='bbox 635 693 695 754; x_wconf 89' lang='lat' dir='ltr'><strong>Vll.</strong></span> <span class='ocrx_word' id='word_1_38' title='bbox 734 692 848 763; x_wconf 81' lang='lat' dir='ltr'><strong>Quibus</strong></span> <span class='ocrx_word' id='word_1_39' title='bbox 870 711 906 752; x_wconf 82' lang='lat' dir='ltr'><strong>er</strong></span> <span class='ocrx_word' id='word_1_40' title='bbox 928 693 1030 754; x_wconf 88' lang='lat' dir='ltr'><strong>castris</strong></span> <span class='ocrx_word' id='word_1_41' title='bbox 1053 700 1120 754; x_wconf 88' lang='lat' dir='ltr'><strong>cum</strong></span> <span class='ocrx_word' id='word_1_42' title='bbox 1143 693 1255 754; x_wconf 76' lang='lat' dir='ltr'><strong>locust</strong></span> 
     </span>
     <span class='ocr_line' id='line_1_6' title="bbox 150 777 1225 860; baseline -0.003 -19"><span class='ocrx_word' id='word_1_43' title='bbox 150 789 297 860; x_wconf 82' lang='lat' dir='ltr'><strong>augustus</strong></span> <span class='ocrx_word' id='word_1_44' title='bbox 312 789 400 858; x_wconf 94' lang='lat' dir='ltr'><strong>atque</strong></span> <span class='ocrx_word' id='word_1_45' title='bbox 422 778 580 858; x_wconf 90' lang='lat' dir='ltr'><strong>impeditus</strong></span> <span class='ocrx_word' id='word_1_46' title='bbox 598 788 675 840; x_wconf 91' lang='lat' dir='ltr'><strong>esset</strong></span> <span class='ocrx_word' id='word_1_47' title='bbox 696 777 903 849; x_wconf 90' lang='lat' dir='ltr'><strong>transeundus,</strong></span> <span class='ocrx_word' id='word_1_48' title='bbox 926 777 1092 838; x_wconf 78' lang='lat' dir='ltr'><strong>Pharnaces</strong></span> <span class='ocrx_word' id='word_1_49' title='bbox 1107 777 1138 837; x_wconf 92' lang='lat' dir='ltr'><strong>in</strong></span> <span class='ocrx_word' id='word_1_50' title='bbox 1154 777 1225 839; x_wconf 89' lang='lat' dir='ltr'><strong>insi·</strong></span> 
     </span>
     <span class='ocr_line' id='line_1_7' title="bbox 149 861 1227 944; baseline -0.005 -17"><span class='ocrx_word' id='word_1_51' title='bbox 149 867 207 927; x_wconf 90' lang='lat' dir='ltr'><strong>diis</strong></span> <span class='ocrx_word' id='word_1_52' title='bbox 224 864 355 926; x_wconf 91' lang='lat' dir='ltr'><strong>delectos</strong></span> <span class='ocrx_word' id='word_1_53' title='bbox 370 864 483 944; x_wconf 90' lang='lat' dir='ltr'><strong>pedites</strong></span> <span class='ocrx_word' id='word_1_54' title='bbox 499 882 660 943; x_wconf 89' lang='lat' dir='ltr'><strong>omnesque</strong></span> <span class='ocrx_word' id='word_1_55' title='bbox 675 881 770 943; x_wconf 88' lang='lat' dir='ltr'><strong>paene</strong></span> <span class='ocrx_word' id='word_1_56' title='bbox 785 863 929 942; x_wconf 87' lang='lat' dir='ltr'><strong>disposuit</strong></span> <span class='ocrx_word' id='word_1_57' title='bbox 944 861 1067 940; x_wconf 83' lang='lat' dir='ltr'><strong>equites,</strong></span> <span class='ocrx_word' id='word_1_58' title='bbox 1089 881 1227 942; x_wconf 82' lang='lat' dir='ltr'><strong>magnam</strong></span> 
     </span>
     <span class='ocr_line' id='line_1_8' title="bbox 151 947 1227 1029; baseline -0.002 -18"><span class='ocrx_word' id='word_1_59' title='bbox 151 961 252 1011; x_wconf 91' lang='lat' dir='ltr'><strong>autem</strong></span> <span class='ocrx_word' id='word_1_60' title='bbox 282 949 499 1010; x_wconf 90' lang='lat' dir='ltr'><strong>multitudinem</strong></span> <span class='ocrx_word' id='word_1_61' title='bbox 527 949 645 1029; x_wconf 84' lang='lat' dir='ltr'><strong>pecoris</strong></span> <span class='ocrx_word' id='word_1_62' title='bbox 673 949 750 1009; x_wconf 89' lang='lat' dir='ltr'><strong>intra</strong></span> <span class='ocrx_word' id='word_1_63' title='bbox 777 965 825 1008; x_wconf 87' lang='lat' dir='ltr'><strong>eas</strong></span> <span class='ocrx_word' id='word_1_64' title='bbox 853 949 951 1008; x_wconf 81' lang='lat' dir='ltr'><strong>fauces</strong></span> <span class='ocrx_word' id='word_1_65' title='bbox 979 947 1113 1025; x_wconf 90' lang='lat' dir='ltr'><strong>dissipari</strong></span> <span class='ocrx_word' id='word_1_66' title='bbox 1142 948 1227 1009; x_wconf 91' lang='lat' dir='ltr'><strong>iussit</strong></span> 
     </span>
     <span class='ocr_line' id='line_1_9' title="bbox 150 1029 1263 1115; baseline -0.005 -19"><span class='ocrx_word' id='word_1_67' title='bbox 150 1053 343 1114; x_wconf 87' lang='lat' dir='ltr'><strong>paganosque</strong></span> <span class='ocrx_word' id='word_1_68' title='bbox 360 1043 390 1096; x_wconf 92' lang='lat' dir='ltr'><strong>et</strong></span> <span class='ocrx_word' id='word_1_69' title='bbox 408 1035 571 1115; x_wconf 92' lang='lat' dir='ltr'><strong>oppidanos</strong></span> <span class='ocrx_word' id='word_1_70' title='bbox 586 1034 615 1095; x_wconf 93' lang='lat' dir='ltr'><strong>in</strong></span> <span class='ocrx_word' id='word_1_71' title='bbox 633 1033 679 1095; x_wconf 88' lang='lat' dir='ltr'><strong>his</strong></span> <span class='ocrx_word' id='word_1_72' title='bbox 693 1033 765 1094; x_wconf 91' lang='lat' dir='ltr'><strong>locis</strong></span> <span class='ocrx_word' id='word_1_73' title='bbox 789 1029 951 1094; x_wconf 85' lang='lat' dir='ltr'><strong>obversari:</strong></span> <span class='ocrx_word' id='word_1_74' title='bbox 975 1042 1017 1104; x_wconf 91' lang='lat' dir='ltr'><strong>ut,</strong></span> <span class='ocrx_word' id='word_1_75' title='bbox 1041 1032 1100 1092; x_wconf 87' lang='lat' dir='ltr'><strong>sive</strong></span> <span class='ocrx_word' id='word_1_76' title='bbox 1116 1033 1227 1094; x_wconf 91' lang='lat' dir='ltr'><strong>amicus</strong></span> <span class='ocrx_word' id='word_1_77' title='bbox 1248 1041 1263 1090; x_wconf 82' lang='lat'><strong>5</strong></span> 
     </span>
     <span class='ocr_line' id='line_1_10' title="bbox 151 1116 1225 1200; baseline -0.005 -18"><span class='ocrx_word' id='word_1_78' title='bbox 151 1121 298 1182; x_wconf 80' lang='lat' dir='ltr'><strong>Domitius</strong></span> <span class='ocrx_word' id='word_1_79' title='bbox 320 1139 370 1182; x_wconf 91' lang='lat' dir='ltr'><strong>eas</strong></span> <span class='ocrx_word' id='word_1_80' title='bbox 392 1120 540 1200; x_wconf 83' lang='lat' dir='ltr'><strong>augustias</strong></span> <span class='ocrx_word' id='word_1_81' title='bbox 561 1119 710 1191; x_wconf 85' lang='lat' dir='ltr'><strong>transiret,</strong></span> <span class='ocrx_word' id='word_1_82' title='bbox 734 1117 807 1179; x_wconf 93' lang='lat' dir='ltr'><strong>nihil</strong></span> <span class='ocrx_word' id='word_1_83' title='bbox 824 1119 859 1179; x_wconf 91' lang='lat' dir='ltr'><strong>de</strong></span> <span class='ocrx_word' id='word_1_84' title='bbox 882 1117 995 1179; x_wconf 87' lang='lat' dir='ltr'><strong>insidiis</strong></span> <span class='ocrx_word' id='word_1_85' title='bbox 1016 1116 1225 1196; x_wconf 91' lang='lat' dir='ltr'><strong>suspicaretur,</strong></span> 
     </span>
     <span class='ocr_line' id='line_1_11' title="bbox 150 1202 1226 1285; baseline -0.005 -18"><span class='ocrx_word' id='word_1_86' title='bbox 150 1225 222 1268; x_wconf 88' lang='lat' dir='ltr'><strong>cum</strong></span> <span class='ocrx_word' id='word_1_87' title='bbox 236 1206 266 1266; x_wconf 92' lang='lat' dir='ltr'><strong>in</strong></span> <span class='ocrx_word' id='word_1_88' title='bbox 290 1206 367 1284; x_wconf 83' lang='lat' dir='ltr'><strong>agris</strong></span> <span class='ocrx_word' id='word_1_89' title='bbox 383 1214 411 1266; x_wconf 89' lang='lat' dir='ltr'><strong>et</strong></span> <span class='ocrx_word' id='word_1_90' title='bbox 431 1223 540 1285; x_wconf 84' lang='lat' dir='ltr'><strong>pecora</strong></span> <span class='ocrx_word' id='word_1_91' title='bbox 555 1215 585 1265; x_wconf 91' lang='lat' dir='ltr'><strong>et</strong></span> <span class='ocrx_word' id='word_1_92' title='bbox 606 1205 741 1266; x_wconf 88' lang='lat' dir='ltr'><strong>homiues</strong></span> <span class='ocrx_word' id='word_1_93' title='bbox 763 1204 1007 1264; x_wconf 87' lang='lat' dir='ltr'><strong>animadverteret</strong></span> <span class='ocrx_word' id='word_1_94' title='bbox 1029 1202 1136 1263; x_wconf 86' lang='lat' dir='ltr'><strong>versari</strong></span> <span class='ocrx_word' id='word_1_95' title='bbox 1152 1211 1226 1263; x_wconf 90' lang='lat' dir='ltr'><strong>tam-</strong></span> 
     </span>
     <span class='ocr_line' id='line_1_12' title="bbox 154 1287 1227 1370; baseline -0.001 -20"><span class='ocrx_word' id='word_1_96' title='bbox 154 1309 243 1370; x_wconf 91' lang='lat' dir='ltr'><strong>quam</strong></span> <span class='ocrx_word' id='word_1_97' title='bbox 272 1290 433 1351; x_wconf 90' lang='lat' dir='ltr'><strong>amicorum</strong></span> <span class='ocrx_word' id='word_1_98' title='bbox 463 1291 604 1363; x_wconf 90' lang='lat' dir='ltr'><strong>adventu;</strong></span> <span class='ocrx_word' id='word_1_99' title='bbox 633 1290 692 1351; x_wconf 89' lang='lat' dir='ltr'><strong>sive</strong></span> <span class='ocrx_word' id='word_1_100' title='bbox 721 1288 859 1350; x_wconf 90' lang='lat' dir='ltr'><strong>inimicus</strong></span> <span class='ocrx_word' id='word_1_101' title='bbox 887 1297 920 1349; x_wconf 90' lang='lat' dir='ltr'><strong>ut</strong></span> <span class='ocrx_word' id='word_1_102' title='bbox 941 1289 971 1348; x_wconf 95' lang='lat' dir='ltr'><strong>in</strong></span> <span class='ocrx_word' id='word_1_103' title='bbox 1001 1287 1129 1348; x_wconf 87' lang='lat' dir='ltr'><strong>hostium</strong></span> <span class='ocrx_word' id='word_1_104' title='bbox 1153 1289 1227 1350; x_wconf 84' lang='lat' dir='ltr'><strong>dues</strong></span> 
     </span>
     <span class='ocr_line' id='line_1_13' title="bbox 155 1372 1226 1455; baseline -0.001 -20"><span class='ocrx_word' id='word_1_105' title='bbox 155 1376 276 1449; x_wconf 89' lang='lat' dir='ltr'><strong>veniret,</strong></span> <span class='ocrx_word' id='word_1_106' title='bbox 297 1376 406 1455; x_wconf 90' lang='lat' dir='ltr'><strong>praeda</strong></span> <span class='ocrx_word' id='word_1_107' title='bbox 421 1375 584 1455; x_wconf 90' lang='lat' dir='ltr'><strong>diripienda</strong></span> <span class='ocrx_word' id='word_1_108' title='bbox 599 1375 706 1436; x_wconf 87' lang='lat' dir='ltr'><strong>milites</strong></span> <span class='ocrx_word' id='word_1_109' title='bbox 728 1373 941 1452; x_wconf 80' lang='lat' dir='ltr'><strong>dissiparentur</strong></span> <span class='ocrx_word' id='word_1_110' title='bbox 963 1372 1146 1452; x_wconf 86' lang='lat' dir='ltr'><strong>dispersique</strong></span> <span class='ocrx_word' id='word_1_111' title='bbox 1160 1391 1226 1434; x_wconf 86' lang='lat' dir='ltr'><strong>oae-</strong></span> 
     </span>
     <span class='ocr_line' id='line_1_14' title="bbox 155 1458 1276 1538; baseline -0.005 -18"><span class='ocrx_word' id='word_1_112' title='bbox 155 1461 303 1521; x_wconf 90' lang='lat' dir='ltr'><strong>derentur.</strong></span> <span class='ocrx_word' id='word_1_113' title='bbox 346 1460 424 1520; x_wconf 90' lang='lat' dir='ltr'><strong>Haec</strong></span> <span class='ocrx_word' id='word_1_114' title='bbox 440 1478 506 1521; x_wconf 89' lang='lat' dir='ltr'><strong>oum</strong></span> <span class='ocrx_word' id='word_1_115' title='bbox 529 1460 754 1532; x_wconf 88' lang='lat' dir='ltr'><strong>administraret,</strong></span> <span class='ocrx_word' id='word_1_116' title='bbox 778 1477 938 1538; x_wconf 88' lang='lat' dir='ltr'><strong>numquam</strong></span> <span class='ocrx_word' id='word_1_117' title='bbox 959 1466 1058 1518; x_wconf 90' lang='lat' dir='ltr'><strong>tamen</strong></span> <span class='ocrx_word' id='word_1_118' title='bbox 1081 1458 1276 1518; x_wconf 77' lang='lat' dir='ltr'><strong>intermit-67</strong></span> 
     </span>
     <span class='ocr_line' id='line_1_15' title="bbox 153 1543 1226 1625; baseline -0.001 -19"><span class='ocrx_word' id='word_1_119' title='bbox 153 1545 234 1606; x_wconf 88' lang='lat' dir='ltr'><strong>tehat</strong></span> <span class='ocrx_word' id='word_1_120' title='bbox 255 1546 366 1624; x_wconf 82' lang='lat' dir='ltr'><strong>legatos</strong></span> <span class='ocrx_word' id='word_1_121' title='bbox 380 1545 417 1605; x_wconf 89' lang='lat' dir='ltr'><strong>de</strong></span> <span class='ocrx_word' id='word_1_122' title='bbox 432 1563 505 1625; x_wconf 86' lang='lat' dir='ltr'><strong>pace</strong></span> <span class='ocrx_word' id='word_1_123' title='bbox 526 1554 613 1624; x_wconf 91' lang='lat' dir='ltr'><strong>atque</strong></span> <span class='ocrx_word' id='word_1_124' title='bbox 636 1545 761 1606; x_wconf 88' lang='lat' dir='ltr'><strong>amicitia</strong></span> <span class='ocrx_word' id='word_1_125' title='bbox 784 1544 900 1605; x_wconf 87' lang='lat' dir='ltr'><strong>mittere</strong></span> <span class='ocrx_word' id='word_1_126' title='bbox 915 1543 948 1605; x_wconf 91' lang='lat' dir='ltr'><strong>ad</strong></span> <span class='ocrx_word' id='word_1_127' title='bbox 966 1543 1135 1616; x_wconf 89' lang='lat' dir='ltr'><strong>Domitium,</strong></span> <span class='ocrx_word' id='word_1_128' title='bbox 1159 1562 1226 1605; x_wconf 92' lang='lat' dir='ltr'><strong>cum</strong></span> 
     </span>
     <span class='ocr_line' id='line_1_16' title="bbox 152 1629 1227 1710; baseline -0.005 -16"><span class='ocrx_word' id='word_1_129' title='bbox 152 1631 211 1694; x_wconf 89' lang='lat' dir='ltr'><strong>huo</strong></span> <span class='ocrx_word' id='word_1_130' title='bbox 233 1630 297 1710; x_wconf 91' lang='lat' dir='ltr'><strong>ipso</strong></span> <span class='ocrx_word' id='word_1_131' title='bbox 326 1630 460 1694; x_wconf 84' lang='lat' dir='ltr'><strong>crederet</strong></span> <span class='ocrx_word' id='word_1_132' title='bbox 487 1630 601 1692; x_wconf 84' lang='lat' dir='ltr'><strong>facilius</strong></span> <span class='ocrx_word' id='word_1_133' title='bbox 623 1648 689 1691; x_wconf 91' lang='lat' dir='ltr'><strong>eum</strong></span> <span class='ocrx_word' id='word_1_134' title='bbox 717 1629 811 1708; x_wconf 91' lang='lat' dir='ltr'><strong>decipi</strong></span> <span class='ocrx_word' id='word_1_135' title='bbox 835 1648 930 1708; x_wconf 90' lang='lat' dir='ltr'><strong>posse.</strong></span> <span class='ocrx_word' id='word_1_136' title='bbox 974 1629 1012 1687; x_wconf 80' lang='lat' dir='ltr'><strong>At</strong></span> <span class='ocrx_word' id='word_1_137' title='bbox 1034 1637 1137 1689; x_wconf 90' lang='lat' dir='ltr'><strong>contra</strong></span> <span class='ocrx_word' id='word_1_138' title='bbox 1160 1647 1227 1708; x_wconf 90' lang='lat' dir='ltr'><strong>spes</strong></span> 
     </span>
     <span class='ocr_line' id='line_1_17' title="bbox 153 1713 1264 1796; baseline 0 -20"><span class='ocrx_word' id='word_1_139' title='bbox 153 1716 233 1796; x_wconf 84' lang='lat' dir='ltr'><strong>pacis</strong></span> <span class='ocrx_word' id='word_1_140' title='bbox 245 1715 373 1776; x_wconf 89' lang='lat' dir='ltr'><strong>Domitio</strong></span> <span class='ocrx_word' id='word_1_141' title='bbox 388 1716 418 1775; x_wconf 93' lang='lat' dir='ltr'><strong>in</strong></span> <span class='ocrx_word' id='word_1_142' title='bbox 434 1715 526 1776; x_wconf 89' lang='lat' dir='ltr'><strong>isdem</strong></span> <span class='ocrx_word' id='word_1_143' title='bbox 542 1715 645 1776; x_wconf 90' lang='lat' dir='ltr'><strong>castris</strong></span> <span class='ocrx_word' id='word_1_144' title='bbox 659 1715 794 1777; x_wconf 90' lang='lat' dir='ltr'><strong>morandi</strong></span> <span class='ocrx_word' id='word_1_145' title='bbox 809 1715 905 1775; x_wconf 91' lang='lat' dir='ltr'><strong>attulit</strong></span> <span class='ocrx_word' id='word_1_146' title='bbox 920 1731 1046 1774; x_wconf 89' lang='lat' dir='ltr'><strong>causam.</strong></span> <span class='ocrx_word' id='word_1_147' title='bbox 1078 1713 1119 1774; x_wconf 91' lang='lat' dir='ltr'><strong>lta</strong></span> <span class='ocrx_word' id='word_1_148' title='bbox 1135 1714 1226 1774; x_wconf 87' lang='lat' dir='ltr'><strong>Phar·</strong></span> <span class='ocrx_word' id='word_1_149' title='bbox 1249 1726 1264 1776; x_wconf 79' lang='lat'><strong>2</strong></span> 
     </span>
     <span class='ocr_line' id='line_1_18' title="bbox 155 1799 1227 1880; baseline 0 -20"><span class='ocrx_word' id='word_1_150' title='bbox 155 1819 242 1862; x_wconf 81' lang='lat' dir='ltr'><strong>naues</strong></span> <span class='ocrx_word' id='word_1_151' title='bbox 264 1801 367 1861; x_wconf 84' lang='lat' dir='ltr'><strong>emissa</strong></span> <span class='ocrx_word' id='word_1_152' title='bbox 389 1800 514 1879; x_wconf 88' lang='lat' dir='ltr'><strong>proximi</strong></span> <span class='ocrx_word' id='word_1_153' title='bbox 537 1801 679 1880; x_wconf 89' lang='lat' dir='ltr'><strong>temporis</strong></span> <span class='ocrx_word' id='word_1_154' title='bbox 701 1799 870 1872; x_wconf 80' lang='lat' dir='ltr'><strong>occasione,</strong></span> <span class='ocrx_word' id='word_1_155' title='bbox 900 1817 968 1860; x_wconf 88' lang='lat' dir='ltr'><strong>eum</strong></span> <span class='ocrx_word' id='word_1_156' title='bbox 992 1809 1159 1874; x_wconf 90' lang='lat' dir='ltr'><strong>vereretur,</strong></span> <span class='ocrx_word' id='word_1_157' title='bbox 1190 1819 1227 1860; x_wconf 91' lang='lat' dir='ltr'><strong>ne</strong></span> 
     </span>
     <span class='ocr_line' id='line_1_19' title="bbox 152 1882 1264 1965; baseline -0.003 -18"><span class='ocrx_word' id='word_1_158' title='bbox 152 1894 407 1965; x_wconf 85' lang='lat' dir='ltr'><strong>cognoscerentur</strong></span> <span class='ocrx_word' id='word_1_159' title='bbox 435 1885 573 1958; x_wconf 90' lang='lat' dir='ltr'><strong>insidiae,</strong></span> <span class='ocrx_word' id='word_1_160' title='bbox 602 1904 672 1946; x_wconf 89' lang='lat' dir='ltr'><strong>suos</strong></span> <span class='ocrx_word' id='word_1_161' title='bbox 699 1886 729 1945; x_wconf 90' lang='lat' dir='ltr'><strong>in</strong></span> <span class='ocrx_word' id='word_1_162' title='bbox 760 1893 853 1946; x_wconf 84' lang='lat' dir='ltr'><strong>castra</strong></span> <span class='ocrx_word' id='word_1_163' title='bbox 883 1884 1037 1944; x_wconf 85' lang='lat' dir='ltr'><strong>revocavit.</strong></span> <span class='ocrx_word' id='word_1_164' title='bbox 1083 1882 1264 1946; x_wconf 74' lang='lat' dir='ltr'><strong>domitiusa</strong></span> 
     </span>
     <span class='ocr_line' id='line_1_20' title="bbox 152 1968 1227 2050; baseline -0.003 -18"><span class='ocrx_word' id='word_1_165' title='bbox 152 1979 273 2050; x_wconf 92' lang='lat' dir='ltr'><strong>postero</strong></span> <span class='ocrx_word' id='word_1_166' title='bbox 297 1970 343 2030; x_wconf 91' lang='lat' dir='ltr'><strong>die</strong></span> <span class='ocrx_word' id='word_1_167' title='bbox 365 1971 489 2050; x_wconf 92' lang='lat' dir='ltr'><strong>propius</strong></span> <span class='ocrx_word' id='word_1_168' title='bbox 512 1970 674 2049; x_wconf 89' lang='lat' dir='ltr'><strong>Nicopolim</strong></span> <span class='ocrx_word' id='word_1_169' title='bbox 700 1971 823 2031; x_wconf 87' lang='lat' dir='ltr'><strong>accessit</strong></span> <span class='ocrx_word' id='word_1_170' title='bbox 845 1977 998 2048; x_wconf 89' lang='lat' dir='ltr'><strong>castraque</strong></span> <span class='ocrx_word' id='word_1_171' title='bbox 1022 1968 1131 2047; x_wconf 91' lang='lat' dir='ltr'><strong>oppido</strong></span> <span class='ocrx_word' id='word_1_172' title='bbox 1154 1987 1227 2030; x_wconf 91' lang='lat' dir='ltr'><strong>con-</strong></span> 
     </span>
     <span class='ocr_line' id='line_1_21' title="bbox 151 2053 1273 2138; baseline -0.001 -21"><span class='ocrx_word' id='word_1_173' title='bbox 151 2056 228 2117; x_wconf 91' lang='lat' dir='ltr'><strong>tulit.</strong></span> <span class='ocrx_word' id='word_1_174' title='bbox 273 2055 355 2126; x_wconf 84' lang='lat' dir='ltr'><strong>Quae</strong></span> <span class='ocrx_word' id='word_1_175' title='bbox 377 2055 447 2115; x_wconf 93' lang='lat' dir='ltr'><strong>dum</strong></span> <span class='ocrx_word' id='word_1_176' title='bbox 475 2055 616 2116; x_wconf 91' lang='lat' dir='ltr'><strong>muniunt</strong></span> <span class='ocrx_word' id='word_1_177' title='bbox 642 2056 751 2127; x_wconf 91' lang='lat' dir='ltr'><strong>nostri,</strong></span> <span class='ocrx_word' id='word_1_178' title='bbox 781 2055 947 2115; x_wconf 90' lang='lat' dir='ltr'><strong>Pharnaces</strong></span> <span class='ocrx_word' id='word_1_179' title='bbox 975 2053 1067 2114; x_wconf 92' lang='lat' dir='ltr'><strong>aciem</strong></span> <span class='ocrx_word' id='word_1_180' title='bbox 1089 2054 1228 2116; x_wconf 83' lang='lat' dir='ltr'><strong>instruxit</strong></span> <span class='ocrx_word' id='word_1_181' title='bbox 1272 2131 1273 2138; x_wconf 8' lang='grc' dir='ltr'>ἵ</span> 
     </span>
    </p>
   </div>
   <div class='ocr_carea' id='block_1_4' title="bbox 152 2182 1228 2805">
    <p class='ocr_par' dir='ltr' id='par_1_4' title="bbox 152 2182 1228 2596">
     <span class='ocr_line' id='line_1_22' title="bbox 240 2182 1228 2253; baseline -0.002 -13"><span class='ocrx_word' id='word_1_182' title='bbox 240 2188 286 2253; x_wconf 82' lang='grc'><strong>36,</strong></span> <span class='ocrx_word' id='word_1_183' title='bbox 305 2190 328 2240; x_wconf 88' lang='grc'><strong>3.</strong></span> <span class='ocrx_word' id='word_1_184' title='bbox 346 2192 471 2238; x_wconf 74' lang='lat' dir='ltr'><strong>emauslra</strong></span> <span class='ocrx_word' id='word_1_185' title='bbox 490 2185 536 2238; x_wconf 83' lang='lat' dir='ltr'><strong>TV</strong></span> <span class='ocrx_word' id='word_1_186' title='bbox 618 2204 715 2253; x_wconf 80' lang='lat' dir='ltr'><strong>pareus</strong></span> <span class='ocrx_word' id='word_1_187' title='bbox 733 2187 768 2250; x_wconf 88' lang='lat' dir='ltr'><strong>V,</strong></span> <span class='ocrx_word' id='word_1_188' title='bbox 792 2182 831 2239; x_wconf 84' lang='lat' dir='ltr'><strong>‘ut</strong></span> <span class='ocrx_word' id='word_1_189' title='bbox 853 2183 926 2240; x_wconf 88' lang='lat' dir='ltr'><strong>solet’</strong></span> <span class='ocrx_word' id='word_1_190' title='bbox 947 2187 1055 2239; x_wconf 89' lang='lat' dir='ltr'><strong>Diibner.</strong></span> <span class='ocrx_word' id='word_1_191' title='bbox 1142 2191 1166 2240; x_wconf 89' lang='grc'><strong>4.</strong></span> <span class='ocrx_word' id='word_1_192' title='bbox 1185 2191 1228 2240; x_wconf 85' lang='lat' dir='ltr'><strong>od-</strong></span> 
     </span>
     <span class='ocr_line' id='line_1_23' title="bbox 152 2255 1228 2327; baseline -0.002 -19"><span class='ocrx_word' id='word_1_193' title='bbox 152 2259 261 2308; x_wconf 78' lang='lat' dir='ltr'><strong>servari</strong></span> <span class='ocrx_word' id='word_1_194' title='bbox 287 2255 332 2308; x_wconf 84' lang='lat' dir='ltr'><strong>TV</strong></span> <span class='ocrx_word' id='word_1_195' title='bbox 436 2259 459 2309; x_wconf 79' lang='lat'><strong>5.</strong></span> <span class='ocrx_word' id='word_1_196' title='bbox 486 2259 541 2307; x_wconf 81' lang='lat' dir='ltr'><strong>riae</strong></span> <span class='ocrx_word' id='word_1_197' title='bbox 567 2259 670 2306; x_wconf 80' lang='lat' dir='ltr'><strong>amicus</strong></span> <span class='ocrx_word' id='word_1_198' title='bbox 694 2259 749 2305; x_wconf 82' lang='lat' dir='ltr'><strong>aive</strong></span> <span class='ocrx_word' id='word_1_199' title='bbox 774 2259 900 2306; x_wconf 80' lang='lat' dir='ltr'><strong>inimicus</strong></span> <span class='ocrx_word' id='word_1_200' title='bbox 925 2260 959 2327; x_wconf 84' lang='grc' dir='ltr'><strong>β,</strong></span> <span class='ocrx_word' id='word_1_201' title='bbox 989 2255 1030 2306; x_wconf 87' lang='lat' dir='ltr'><strong>die</strong></span> <span class='ocrx_word' id='word_1_202' title='bbox 1059 2255 1146 2308; x_wconf 85' lang='lat' dir='ltr'><strong>Worle</strong></span> <span class='ocrx_word' id='word_1_203' title='bbox 1172 2261 1228 2307; x_wconf 81' lang='lat' dir='ltr'><strong>siue</strong></span> 
     </span>
     <span class='ocr_line' id='line_1_24' title="bbox 152 2323 1227 2392; baseline 0 -16"><span class='ocrx_word' id='word_1_204' title='bbox 152 2328 282 2376; x_wconf 76' lang='lat' dir='ltr'><strong>inimicata</strong></span> <span class='ocrx_word' id='word_1_205' title='bbox 300 2324 357 2376; x_wconf 88' lang='lat' dir='ltr'><strong>sind</strong></span> <span class='ocrx_word' id='word_1_206' title='bbox 376 2324 441 2375; x_wconf 87' lang='lat' dir='ltr'><strong>nach</strong></span> <span class='ocrx_word' id='word_1_207' title='bbox 459 2323 606 2392; x_wconf 85' lang='lat' dir='ltr'><strong>Nipperdey</strong></span> <span class='ocrx_word' id='word_1_208' title='bbox 624 2339 649 2390; x_wconf 91' lang='lat' dir='ltr'><strong>p.</strong></span> <span class='ocrx_word' id='word_1_209' title='bbox 669 2326 718 2377; x_wconf 81' lang='lat'><strong>195</strong></span> <span class='ocrx_word' id='word_1_210' title='bbox 736 2339 768 2374; x_wconf 90' lang='lat' dir='ltr'><strong>an</strong></span> <span class='ocrx_word' id='word_1_211' title='bbox 786 2324 834 2375; x_wconf 91' lang='lat' dir='ltr'><strong>den</strong></span> <span class='ocrx_word' id='word_1_212' title='bbox 852 2325 954 2390; x_wconf 83' lang='lat' dir='ltr'><strong>Anlang</strong></span> <span class='ocrx_word' id='word_1_213' title='bbox 972 2324 1016 2375; x_wconf 87' lang='lat' dir='ltr'><strong>der</strong></span> <span class='ocrx_word' id='word_1_214' title='bbox 1034 2324 1142 2376; x_wconf 82' lang='lat' dir='ltr'><strong>aweiten</strong></span> <span class='ocrx_word' id='word_1_215' title='bbox 1156 2323 1227 2376; x_wconf 85' lang='lat' dir='ltr'><strong>Sata-</strong></span> 
     </span>
     <span class='ocr_line' id='line_1_25' title="bbox 155 2387 1228 2458; baseline -0.001 -14"><span class='ocrx_word' id='word_1_216' title='bbox 155 2392 237 2444; x_wconf 75' lang='lat' dir='ltr'><strong>hallae</strong></span> <span class='ocrx_word' id='word_1_217' title='bbox 256 2392 368 2458; x_wconf 80' lang='lat' dir='ltr'><strong>gestellt.</strong></span> <span class='ocrx_word' id='word_1_218' title='bbox 456 2397 574 2443; x_wconf 83' lang='lat' dir='ltr'><strong>animum</strong></span> <span class='ocrx_word' id='word_1_219' title='bbox 592 2394 652 2446; x_wconf 82' lang='lat' dir='ltr'><strong>adv.</strong></span> <span class='ocrx_word' id='word_1_220' title='bbox 671 2391 744 2453; x_wconf 69' lang='lat' dir='ltr'><strong>Uir,</strong></span> <span class='ocrx_word' id='word_1_221' title='bbox 765 2387 1029 2444; x_wconf 81' lang='lat' dir='ltr'><strong>animadverteretV</strong></span> <span class='ocrx_word' id='word_1_222' title='bbox 1098 2393 1228 2443; x_wconf 81' lang='lat' dir='ltr'><strong>aduentus</strong></span> 
     </span>
     <span class='ocr_line' id='line_1_26' title="bbox 154 2458 1228 2531; baseline 0 -19"><span class='ocrx_word' id='word_1_223' title='bbox 154 2467 187 2512; x_wconf 84' lang='lat' dir='ltr'><strong>ut</strong></span> <span class='ocrx_word' id='word_1_224' title='bbox 207 2466 236 2512; x_wconf 83' lang='lat' dir='ltr'><strong>in</strong></span> <span class='ocrx_word' id='word_1_225' title='bbox 258 2465 290 2531; x_wconf 80' lang='grc' dir='ltr'><strong>β,</strong></span> <span class='ocrx_word' id='word_1_226' title='bbox 313 2461 430 2512; x_wconf 77' lang='lat' dir='ltr'><strong>aduentu</strong></span> <span class='ocrx_word' id='word_1_227' title='bbox 453 2458 525 2528; x_wconf 67' lang='lat' dir='ltr'><strong>&lt;mue</strong></span> <span class='ocrx_word' id='word_1_228' title='bbox 547 2459 690 2529; x_wconf 80' lang='lat' dir='ltr'><strong>inimicus)</strong></span> <span class='ocrx_word' id='word_1_229' title='bbox 711 2466 743 2511; x_wconf 86' lang='lat' dir='ltr'><strong>ut</strong></span> <span class='ocrx_word' id='word_1_230' title='bbox 764 2464 802 2512; x_wconf 81' lang='lat' dir='ltr'><strong>in·</strong></span> <span class='ocrx_word' id='word_1_231' title='bbox 813 2461 967 2528; x_wconf 84' lang='lat' dir='ltr'><strong>Nipperdey.</strong></span> <span class='ocrx_word' id='word_1_232' title='bbox 1003 2460 1104 2512; x_wconf 82' lang='lat' dir='ltr'><strong>Andere</strong></span> <span class='ocrx_word' id='word_1_233' title='bbox 1124 2460 1228 2514; x_wconf 84' lang='lat' dir='ltr'><strong>Verrun-</strong></span> 
     </span>
     <span class='ocr_line' id='line_1_27' title="bbox 155 2527 656 2596; baseline 0 -16"><span class='ocrx_word' id='word_1_234' title='bbox 155 2537 251 2596; x_wconf 77' lang='lat' dir='ltr'><strong>langen</strong></span> <span class='ocrx_word' id='word_1_235' title='bbox 272 2529 312 2580; x_wconf 89' lang='lat' dir='ltr'><strong>bei</strong></span> <span class='ocrx_word' id='word_1_236' title='bbox 331 2527 420 2580; x_wconf 85' lang='lat' dir='ltr'><strong>Preuls</strong></span> <span class='ocrx_word' id='word_1_237' title='bbox 439 2536 513 2580; x_wconf 85' lang='lat' dir='ltr'><strong>auter</strong></span> <span class='ocrx_word' id='word_1_238' title='bbox 530 2530 656 2580; x_wconf 81' lang='lat' dir='ltr'><strong>inimicus</strong></span> 
     </span>
    </p>

    <p class='ocr_par' dir='ltr' id='par_1_5' title="bbox 157 2595 1227 2731">
     <span class='ocr_line' id='line_1_28' title="bbox 240 2595 1227 2662; baseline -0.004 -10"><span class='ocrx_word' id='word_1_239' title='bbox 240 2597 284 2661; x_wconf 78' lang='grc'><strong>67,</strong></span> <span class='ocrx_word' id='word_1_240' title='bbox 303 2601 324 2651; x_wconf 92' lang='grc'><strong>1.</strong></span> <span class='ocrx_word' id='word_1_241' title='bbox 350 2595 438 2648; x_wconf 78' lang='lat' dir='ltr'><strong>leniri</strong></span> <span class='ocrx_word' id='word_1_242' title='bbox 460 2595 506 2647; x_wconf 87' lang='lat' dir='ltr'><strong>TV</strong></span> <span class='ocrx_word' id='word_1_243' title='bbox 593 2595 689 2662; x_wconf 74' lang='lat' dir='ltr'><strong>ipseV</strong></span> <span class='ocrx_word' id='word_1_244' title='bbox 776 2599 799 2648; x_wconf 94' lang='grc'><strong>2.</strong></span> <span class='ocrx_word' id='word_1_245' title='bbox 822 2601 959 2648; x_wconf 79' lang='lat' dir='ltr'><strong>orreretur</strong></span> <span class='ocrx_word' id='word_1_246' title='bbox 980 2595 1039 2658; x_wconf 84' lang='lat' dir='ltr'><strong>TV,</strong></span> <span class='ocrx_word' id='word_1_247' title='bbox 1063 2600 1165 2648; x_wconf 82' lang='lat' dir='ltr'><strong>veritur</strong></span> <span class='ocrx_word' id='word_1_248' title='bbox 1186 2597 1227 2648; x_wconf 74' lang='lat' dir='ltr'><strong>Ur</strong></span> 
     </span>
     <span class='ocr_line' id='line_1_29' title="bbox 157 2664 1159 2731; baseline -0.001 -14"><span class='ocrx_word' id='word_1_249' title='bbox 157 2665 189 2728; x_wconf 80' lang='lat' dir='ltr'><strong>(U</strong></span> <span class='ocrx_word' id='word_1_250' title='bbox 207 2681 246 2717; x_wconf 86' lang='lat' dir='ltr'><strong>am</strong></span> <span class='ocrx_word' id='word_1_251' title='bbox 264 2664 364 2716; x_wconf 79' lang='lat' dir='ltr'><strong>Raude:</strong></span> <span class='ocrx_word' id='word_1_252' title='bbox 390 2669 511 2731; x_wconf 81' lang='lat' dir='ltr'><strong>quaeret,</strong></span> <span class='ocrx_word' id='word_1_253' title='bbox 530 2681 589 2716; x_wconf 86' lang='lat' dir='ltr'><strong>oum</strong></span> <span class='ocrx_word' id='word_1_254' title='bbox 606 2671 744 2716; x_wconf 77' lang='lat' dir='ltr'><strong>vereretur</strong></span> <span class='ocrx_word' id='word_1_255' title='bbox 762 2667 808 2716; x_wconf 87' lang='lat' dir='ltr'><strong>mit</strong></span> <span class='ocrx_word' id='word_1_256' title='bbox 826 2665 1002 2716; x_wconf 82' lang='lat' dir='ltr'><strong>schleclrteren</strong></span> <span class='ocrx_word' id='word_1_257' title='bbox 1020 2664 1159 2717; x_wconf 83' lang='lat' dir='ltr'><strong>Haudschr.</strong></span> 
     </span>
    </p>

    <p class='ocr_par' dir='ltr' id='par_1_6' title="bbox 158 2731 933 2805">
     <span class='ocr_line' id='line_1_30' title="bbox 158 2731 933 2805; baseline -0.006 -19"><span class='ocrx_word' id='word_1_258' title='bbox 158 2736 181 2786; x_wconf 83' lang='grc'><strong>3.</strong></span> <span class='ocrx_word' id='word_1_259' title='bbox 200 2737 228 2784; x_wconf 84' lang='lat' dir='ltr'><strong>in</strong></span> <span class='ocrx_word' id='word_1_260' title='bbox 249 2735 346 2800; x_wconf 86' lang='lat' dir='ltr'><strong>oppido</strong></span> <span class='ocrx_word' id='word_1_261' title='bbox 365 2731 383 2782; x_wconf 83' lang='lat' dir='ltr'>F</span> <span class='ocrx_word' id='word_1_262' title='bbox 436 2732 550 2784; x_wconf 77' lang='lat' dir='ltr'><strong>contulit</strong></span> <span class='ocrx_word' id='word_1_263' title='bbox 565 2731 684 2805; x_wconf 70' lang='grc' dir='ltr'><em>&lt;νοω&gt;β</em></span> <span class='ocrx_word' id='word_1_264' title='bbox 751 2736 851 2785; x_wconf 79' lang='lat' dir='ltr'><strong>nostris</strong></span> <span class='ocrx_word' id='word_1_265' title='bbox 869 2731 914 2783; x_wconf 85' lang='lat' dir='ltr'><strong>TV</strong></span> <span class='ocrx_word' id='word_1_266' title='bbox 932 2737 933 2742; x_wconf 78' lang='grc'>’</span> 
     </span>
    </p>
   </div>
   <div class='ocr_carea' id='block_1_5' title="bbox 152 2852 1230 4011">
    <p class='ocr_par' dir='ltr' id='par_1_7' title="bbox 152 2852 1228 3128">
     <span class='ocr_line' id='line_1_31' title="bbox 191 2852 1228 2921; baseline 0.008 -17"><span class='ocrx_word' id='word_1_267' title='bbox 191 2854 214 2904; x_wconf 90' lang='grc'><strong>3.</strong></span> <span class='ocrx_word' id='word_1_268' title='bbox 228 2853 305 2916; x_wconf 82' lang='lat' dir='ltr'><strong>longe</strong></span> <span class='ocrx_word' id='word_1_269' title='bbox 317 2869 334 2902; x_wconf 89' lang='lat' dir='ltr'><strong>a</strong></span> <span class='ocrx_word' id='word_1_270' title='bbox 346 2852 480 2918; x_wconf 81' lang='lat' dir='ltr'><strong>Nicopoli,</strong></span> <span class='ocrx_word' id='word_1_271' title='bbox 497 2853 548 2918; x_wconf 80' lang='lat' dir='ltr'><strong>rgl.</strong></span> <span class='ocrx_word' id='word_1_272' title='bbox 561 2852 584 2902; x_wconf 86' lang='lat' dir='ltr'>V</span> <span class='ocrx_word' id='word_1_273' title='bbox 598 2855 639 2916; x_wconf 76' lang='lat'><strong>47,</strong></span> <span class='ocrx_word' id='word_1_274' title='bbox 652 2857 667 2905; x_wconf 85' lang='lat'>5</span> <span class='ocrx_word' id='word_1_275' title='bbox 719 2858 849 2911; x_wconf 84' lang='lat' dir='ltr'><strong>mehrsaoh</strong></span> <span class='ocrx_word' id='word_1_276' title='bbox 868 2858 908 2908; x_wconf 89' lang='lat' dir='ltr'><strong>bei</strong></span> <span class='ocrx_word' id='word_1_277' title='bbox 927 2857 1011 2920; x_wconf 78' lang='lat' dir='ltr'><strong>Gisar,</strong></span> <span class='ocrx_word' id='word_1_278' title='bbox 1029 2874 1051 2908; x_wconf 84' lang='lat' dir='ltr'><strong>a.</strong></span> <span class='ocrx_word' id='word_1_279' title='bbox 1066 2857 1094 2910; x_wconf 92' lang='lat' dir='ltr'><strong>B.</strong></span> <span class='ocrx_word' id='word_1_280' title='bbox 1116 2862 1137 2920; x_wconf 90' lang='lat'><strong>1,</strong></span> <span class='ocrx_word' id='word_1_281' title='bbox 1152 2861 1192 2921; x_wconf 85' lang='grc'><strong>28,</strong></span> <span class='ocrx_word' id='word_1_282' title='bbox 1211 2863 1228 2912; x_wconf 86' lang='grc'>4</span> 
     </span>
     <span class='ocr_line' id='line_1_32' title="bbox 154 2920 1227 2991; baseline 0.006 -18"><span class='ocrx_word' id='word_1_283' title='bbox 154 2924 246 2986; x_wconf 79' lang='lat' dir='ltr'><strong>copiae</strong></span> <span class='ocrx_word' id='word_1_284' title='bbox 261 2920 436 2971; x_wconf 76' lang='lat' dir='ltr'><strong>Treverorum</strong></span> <span class='ocrx_word' id='word_1_285' title='bbox 454 2925 508 2971; x_wconf 76' lang='lat' dir='ltr'><strong>tria</strong></span> <span class='ocrx_word' id='word_1_286' title='bbox 520 2923 595 2972; x_wconf 77' lang='lat' dir='ltr'><strong>milia</strong></span> <span class='ocrx_word' id='word_1_287' title='bbox 605 2937 666 2985; x_wconf 72' lang='lat'><em>110⁸·</em></span> <span class='ocrx_word' id='word_1_288' title='bbox 719 2929 770 2978; x_wconf 89' lang='lat' dir='ltr'><strong>und</strong></span> <span class='ocrx_word' id='word_1_289' title='bbox 787 2926 882 2977; x_wconf 90' lang='lat' dir='ltr'><strong>Livius.</strong></span> <span class='ocrx_word' id='word_1_290' title='bbox 918 2924 1005 2977; x_wconf 85' lang='lat' dir='ltr'><strong>Cicero</strong></span> <span class='ocrx_word' id='word_1_291' title='bbox 1028 2926 1169 2991; x_wconf 84' lang='lat' dir='ltr'><strong>berorzugt</strong></span> <span class='ocrx_word' id='word_1_292' title='bbox 1187 2927 1227 2979; x_wconf 93' lang='lat' dir='ltr'><strong>die</strong></span> 
     </span>
     <span class='ocr_line' id='line_1_33' title="bbox 152 2988 1228 3061; baseline 0.005 -20"><span class='ocrx_word' id='word_1_293' title='bbox 152 3004 232 3040; x_wconf 80' lang='lat' dir='ltr'><strong>saum</strong></span> <span class='ocrx_word' id='word_1_294' title='bbox 251 2988 329 3052; x_wconf 76' lang='lat' dir='ltr'><strong>longe</strong></span> <span class='ocrx_word' id='word_1_295' title='bbox 345 2992 378 3040; x_wconf 81' lang='lat' dir='ltr'><strong>ab</strong></span> <span class='ocrx_word' id='word_1_296' title='bbox 396 2991 452 3039; x_wconf 73' lang='lat' dir='ltr'><strong>mis</strong></span> <span class='ocrx_word' id='word_1_297' title='bbox 470 2993 564 3040; x_wconf 77' lang='lat' dir='ltr'><strong>castris</strong></span> <span class='ocrx_word' id='word_1_298' title='bbox 578 3005 667 3040; x_wconf 77' lang='lat' dir='ltr'><strong>aunse—</strong></span> <span class='ocrx_word' id='word_1_299' title='bbox 717 2991 991 3055; x_wconf 80' lang='lat' dir='ltr'><strong>liunstliehereWeise,</strong></span> <span class='ocrx_word' id='word_1_300' title='bbox 1002 2992 1228 3061; x_wconf 69' lang='lat' dir='ltr'><strong>mittlbdnderung</strong></span> 
     </span>
     <span class='ocr_line' id='line_1_34' title="bbox 154 3055 1228 3128; baseline 0.007 -20"><span class='ocrx_word' id='word_1_301' title='bbox 154 3059 236 3120; x_wconf 55' lang='lat' dir='ltr'><strong>dieser</strong></span> <span class='ocrx_word' id='word_1_302' title='bbox 252 3055 296 3107; x_wconf 85' lang='lat' dir='ltr'><strong>Vll</strong></span> <span class='ocrx_word' id='word_1_303' title='bbox 316 3059 355 3119; x_wconf 88' lang='grc'><strong>16,</strong></span> <span class='ocrx_word' id='word_1_304' title='bbox 370 3061 396 3116; x_wconf 87' lang='grc'><strong>1;</strong></span> <span class='ocrx_word' id='word_1_305' title='bbox 415 3059 438 3120; x_wconf 88' lang='grc'><strong>2,</strong></span> <span class='ocrx_word' id='word_1_306' title='bbox 452 3061 492 3120; x_wconf 78' lang='lat'><strong>37,</strong></span> <span class='ocrx_word' id='word_1_307' title='bbox 506 3059 529 3109; x_wconf 88' lang='grc'><strong>3.</strong></span> <span class='ocrx_word' id='word_1_308' title='bbox 717 3063 762 3114; x_wconf 90' lang='lat' dir='ltr'><strong>des</strong></span> <span class='ocrx_word' id='word_1_309' title='bbox 780 3064 888 3114; x_wconf 80' lang='lat' dir='ltr'><strong>aweiten</strong></span> <span class='ocrx_word' id='word_1_310' title='bbox 908 3060 1042 3125; x_wconf 74' lang='lat' dir='ltr'><strong>Verbums</strong></span> <span class='ocrx_word' id='word_1_311' title='bbox 1061 3077 1082 3112; x_wconf 84' lang='lat' dir='ltr'><strong>a.</strong></span> <span class='ocrx_word' id='word_1_312' title='bbox 1094 3061 1121 3113; x_wconf 89' lang='lat' dir='ltr'><strong>B.</strong></span> <span class='ocrx_word' id='word_1_313' title='bbox 1134 3077 1160 3128; x_wconf 88' lang='lat' dir='ltr'><strong>p.</strong></span> <span class='ocrx_word' id='word_1_314' title='bbox 1178 3063 1228 3115; x_wconf 86' lang='lat' dir='ltr'><strong>Ro-</strong></span> 
     </span>
    </p>

    <p class='ocr_par' dir='ltr' id='par_1_8' title="bbox 153 3124 1228 3400">
     <span class='ocr_line' id='line_1_35' title="bbox 189 3124 1227 3194; baseline 0.002 -19"><span class='ocrx_word' id='word_1_315' title='bbox 189 3124 321 3190; x_wconf 86' lang='lat' dir='ltr'><strong>Nicopolis</strong></span> <span class='ocrx_word' id='word_1_316' title='bbox 331 3124 463 3187; x_wconf 66' lang='lat' dir='ltr'><strong>illuderes)</strong></span> <span class='ocrx_word' id='word_1_317' title='bbox 475 3125 500 3175; x_wconf 92' lang='lat' dir='ltr'><strong>in</strong></span> <span class='ocrx_word' id='word_1_318' title='bbox 511 3125 665 3177; x_wconf 85' lang='lat' dir='ltr'><strong>Kleinarme·</strong></span> <span class='ocrx_word' id='word_1_319' title='bbox 716 3131 770 3182; x_wconf 71' lang='lat' dir='ltr'><strong>seio</strong></span> <span class='ocrx_word' id='word_1_320' title='bbox 788 3131 844 3182; x_wconf 82' lang='lat' dir='ltr'><strong>Am,</strong></span> <span class='ocrx_word' id='word_1_321' title='bbox 863 3131 879 3194; x_wconf 65' lang='grc' dir='ltr'><strong>ς</strong></span> <span class='ocrx_word' id='word_1_322' title='bbox 899 3132 930 3182; x_wconf 79' lang='lat'><strong>32</strong></span> <span class='ocrx_word' id='word_1_323' title='bbox 949 3130 1053 3180; x_wconf 80' lang='lat' dir='ltr'><strong>Patrem</strong></span> <span class='ocrx_word' id='word_1_324' title='bbox 1070 3145 1157 3180; x_wconf 79' lang='lat' dir='ltr'><strong>meum</strong></span> <span class='ocrx_word' id='word_1_325' title='bbox 1174 3169 1181 3182; x_wconf 88' lang='lat'><strong>.</strong></span> <span class='ocrx_word' id='word_1_326' title='bbox 1200 3171 1227 3185; x_wconf 84' lang='lat'><strong>„</strong></span> 
     </span>
     <span class='ocr_line' id='line_1_36' title="bbox 155 3191 1228 3266; baseline 0.005 -21"><span class='ocrx_word' id='word_1_327' title='bbox 155 3195 215 3246; x_wconf 87' lang='lat' dir='ltr'><strong>nien</strong></span> <span class='ocrx_word' id='word_1_328' title='bbox 226 3207 278 3243; x_wconf 87' lang='lat' dir='ltr'><strong>war</strong></span> <span class='ocrx_word' id='word_1_329' title='bbox 288 3207 339 3243; x_wconf 83' lang='lat' dir='ltr'><strong>von</strong></span> <span class='ocrx_word' id='word_1_330' title='bbox 349 3191 488 3258; x_wconf 85' lang='lat' dir='ltr'><strong>Pompejus</strong></span> <span class='ocrx_word' id='word_1_331' title='bbox 501 3195 535 3243; x_wconf 93' lang='lat' dir='ltr'><strong>im</strong></span> <span class='ocrx_word' id='word_1_332' title='bbox 545 3192 622 3244; x_wconf 86' lang='lat' dir='ltr'><strong>Jahre</strong></span> <span class='ocrx_word' id='word_1_333' title='bbox 632 3195 664 3246; x_wconf 92' lang='lat'><strong>66</strong></span> <span class='ocrx_word' id='word_1_334' title='bbox 716 3199 868 3263; x_wconf 81' lang='lat' dir='ltr'><strong>iugulartir,</strong></span> <span class='ocrx_word' id='word_1_335' title='bbox 888 3200 1002 3249; x_wconf 81' lang='lat' dir='ltr'><strong>occisum</strong></span> <span class='ocrx_word' id='word_1_336' title='bbox 1019 3201 1048 3248; x_wconf 83' lang='lat' dir='ltr'><strong>in</strong></span> <span class='ocrx_word' id='word_1_337' title='bbox 1065 3203 1228 3266; x_wconf 80' lang='lat' dir='ltr'><strong>proscripto-</strong></span> 
     </span>
     <span class='ocr_line' id='line_1_37' title="bbox 153 3259 1227 3332; baseline 0.007 -19"><span class='ocrx_word' id='word_1_338' title='bbox 153 3276 213 3313; x_wconf 87' lang='lat' dir='ltr'><strong>zum</strong></span> <span class='ocrx_word' id='word_1_339' title='bbox 225 3259 367 3312; x_wconf 79' lang='lat' dir='ltr'><strong>Andeulren</strong></span> <span class='ocrx_word' id='word_1_340' title='bbox 385 3260 666 3325; x_wconf 79' lang='lat' dir='ltr'><strong>auseineuSiegdber</strong></span> <span class='ocrx_word' id='word_1_341' title='bbox 716 3266 1089 3317; x_wconf 71' lang='lat' dir='ltr'><strong>mmnumerumrettulistie.</strong></span> <span class='ocrx_word' id='word_1_342' title='bbox 1115 3266 1227 3332; x_wconf 75' lang='lat' dir='ltr'><strong>ligide-</strong></span> 
     </span>
     <span class='ocr_line' id='line_1_38' title="bbox 153 3328 1228 3400; baseline 0.006 -20"><span class='ocrx_word' id='word_1_343' title='bbox 153 3328 315 3380; x_wconf 86' lang='lat' dir='ltr'><strong>Mithridates</strong></span> <span class='ocrx_word' id='word_1_344' title='bbox 333 3329 475 3394; x_wconf 80' lang='lat' dir='ltr'><strong>gegrdndet</strong></span> <span class='ocrx_word' id='word_1_345' title='bbox 495 3329 607 3381; x_wconf 86' lang='lat' dir='ltr'><strong>worden.</strong></span> <span class='ocrx_word' id='word_1_346' title='bbox 717 3333 848 3386; x_wconf 89' lang='lat' dir='ltr'><strong>selbstdie</strong></span> <span class='ocrx_word' id='word_1_347' title='bbox 860 3332 1228 3400; x_wconf 79' lang='lat' dir='ltr'><strong>AnmerkungvonLandgrei.</strong></span> 
     </span>
    </p>

    <p class='ocr_par' dir='ltr' id='par_1_9' title="bbox 152 3396 1230 3740">
     <span class='ocr_line' id='line_1_39' title="bbox 189 3396 1229 3467; baseline 0.005 -19"><span class='ocrx_word' id='word_1_348' title='bbox 189 3399 212 3449; x_wconf 87' lang='lat'><strong>4.</strong></span> <span class='ocrx_word' id='word_1_349' title='bbox 225 3396 261 3447; x_wconf 87' lang='lat' dir='ltr'><strong>Da</strong></span> <span class='ocrx_word' id='word_1_350' title='bbox 272 3411 357 3462; x_wconf 80' lang='lat' dir='ltr'><strong>paene</strong></span> <span class='ocrx_word' id='word_1_351' title='bbox 369 3400 442 3448; x_wconf 88' lang='lat' dir='ltr'><strong>sonst</strong></span> <span class='ocrx_word' id='word_1_352' title='bbox 454 3397 602 3448; x_wconf 84' lang='lat' dir='ltr'><strong>vorausleht</strong></span> <span class='ocrx_word' id='word_1_353' title='bbox 614 3399 665 3460; x_wconf 87' lang='grc'><strong>(28,</strong></span> <span class='ocrx_word' id='word_1_354' title='bbox 750 3401 792 3467; x_wconf 79' lang='grc'><strong>32,</strong></span> <span class='ocrx_word' id='word_1_355' title='bbox 809 3405 829 3454; x_wconf 86' lang='grc'><strong>1.</strong></span> <span class='ocrx_word' id='word_1_356' title='bbox 852 3417 998 3467; x_wconf 68' lang='lat' dir='ltr'><strong>nunquam</strong></span> <span class='ocrx_word' id='word_1_357' title='bbox 1016 3439 1022 3452; x_wconf 94' lang='lat'>.</span> <span class='ocrx_word' id='word_1_358' title='bbox 1042 3439 1047 3453; x_wconf 94' lang='lat'>.</span> <span class='ocrx_word' id='word_1_359' title='bbox 1071 3407 1229 3454; x_wconf 78' lang='lat' dir='ltr'><strong>intermitte-</strong></span> 
     </span>
     <span class='ocr_line' id='line_1_40' title="bbox 156 3465 1228 3535; baseline 0.006 -18"><span class='ocrx_word' id='word_1_360' title='bbox 156 3469 182 3527; x_wconf 86' lang='lat'><strong>1;</strong></span> <span class='ocrx_word' id='word_1_361' title='bbox 203 3467 243 3528; x_wconf 87' lang='grc'><strong>29,</strong></span> <span class='ocrx_word' id='word_1_362' title='bbox 260 3469 286 3525; x_wconf 81' lang='grc'><strong>5;</strong></span> <span class='ocrx_word' id='word_1_363' title='bbox 300 3467 341 3527; x_wconf 89' lang='grc'><strong>40,</strong></span> <span class='ocrx_word' id='word_1_364' title='bbox 354 3465 380 3524; x_wconf 81' lang='lat' dir='ltr'><strong>l)</strong></span> <span class='ocrx_word' id='word_1_365' title='bbox 393 3479 421 3515; x_wconf 90' lang='lat' dir='ltr'><strong>so</strong></span> <span class='ocrx_word' id='word_1_366' title='bbox 434 3465 468 3515; x_wconf 86' lang='lat' dir='ltr'><strong>ist</strong></span> <span class='ocrx_word' id='word_1_367' title='bbox 480 3480 511 3516; x_wconf 88' lang='lat' dir='ltr'><strong>zu</strong></span> <span class='ocrx_word' id='word_1_368' title='bbox 524 3470 664 3528; x_wconf 71' lang='lat' dir='ltr'><strong>immutor,</strong></span> <span class='ocrx_word' id='word_1_369' title='bbox 718 3472 763 3520; x_wconf 83' lang='lat' dir='ltr'><strong>tot</strong></span> <span class='ocrx_word' id='word_1_370' title='bbox 783 3471 829 3520; x_wconf 90' lang='lat' dir='ltr'><strong>mit</strong></span> <span class='ocrx_word' id='word_1_371' title='bbox 847 3469 908 3535; x_wconf 81' lang='lat' dir='ltr'><strong>iulg.</strong></span> <span class='ocrx_word' id='word_1_372' title='bbox 926 3469 1038 3520; x_wconf 82' lang='lat' dir='ltr'><strong>infinitiv</strong></span> <span class='ocrx_word' id='word_1_373' title='bbox 1057 3470 1107 3535; x_wconf 84' lang='lat' dir='ltr'><strong>rgl.</strong></span> <span class='ocrx_word' id='word_1_374' title='bbox 1126 3469 1176 3523; x_wconf 86' lang='lat' dir='ltr'><strong>Cic.</strong></span> <span class='ocrx_word' id='word_1_375' title='bbox 1196 3471 1228 3523; x_wconf 91' lang='lat' dir='ltr'><strong>de</strong></span> 
     </span>
     <span class='ocr_line' id='line_1_41' title="bbox 154 3531 1228 3603; baseline 0.005 -19"><span class='ocrx_word' id='word_1_376' title='bbox 154 3533 210 3584; x_wconf 87' lang='lat' dir='ltr'><strong>dals</strong></span> <span class='ocrx_word' id='word_1_377' title='bbox 233 3532 288 3584; x_wconf 88' lang='lat' dir='ltr'><strong>hier</strong></span> <span class='ocrx_word' id='word_1_378' title='bbox 309 3532 350 3583; x_wconf 87' lang='lat' dir='ltr'><strong>die</strong></span> <span class='ocrx_word' id='word_1_379' title='bbox 368 3531 530 3597; x_wconf 80' lang='lat' dir='ltr'><strong>Umstellung</strong></span> <span class='ocrx_word' id='word_1_380' title='bbox 548 3533 665 3598; x_wconf 77' lang='lat' dir='ltr'><strong>ersolgte,</strong></span> <span class='ocrx_word' id='word_1_381' title='bbox 717 3537 767 3589; x_wconf 91' lang='lat' dir='ltr'><strong>div.</strong></span> <span class='ocrx_word' id='word_1_382' title='bbox 792 3538 812 3588; x_wconf 97' lang='lat' dir='ltr'><strong>ll</strong></span> <span class='ocrx_word' id='word_1_383' title='bbox 837 3541 852 3602; x_wconf 66' lang='grc' dir='ltr'><strong>ξ</strong></span> <span class='ocrx_word' id='word_1_384' title='bbox 874 3542 886 3591; x_wconf 92' lang='lat' dir='ltr'><strong>l</strong></span> <span class='ocrx_word' id='word_1_385' title='bbox 912 3553 944 3587; x_wconf 86' lang='lat' dir='ltr'><strong>ne</strong></span> <span class='ocrx_word' id='word_1_386' title='bbox 968 3539 1074 3603; x_wconf 83' lang='lat' dir='ltr'><strong>quando</strong></span> <span class='ocrx_word' id='word_1_387' title='bbox 1097 3541 1228 3590; x_wconf 78' lang='lat' dir='ltr'><strong>intermit-</strong></span> 
     </span>
     <span class='ocr_line' id='line_1_42' title="bbox 152 3599 1140 3672; baseline 0.003 -19"><span class='ocrx_word' id='word_1_388' title='bbox 152 3616 197 3653; x_wconf 89' lang='lat' dir='ltr'><strong>um</strong></span> <span class='ocrx_word' id='word_1_389' title='bbox 211 3616 351 3666; x_wconf 69' lang='lat' dir='ltr'><strong>poenaque</strong></span> <span class='ocrx_word' id='word_1_390' title='bbox 368 3616 399 3651; x_wconf 83' lang='lat' dir='ltr'><strong>zu</strong></span> <span class='ocrx_word' id='word_1_391' title='bbox 413 3602 566 3672; x_wconf 75' lang='lat' dir='ltr'><strong>vepmeiden.</strong></span> <span class='ocrx_word' id='word_1_392' title='bbox 594 3599 663 3652; x_wconf 87' lang='lat' dir='ltr'><strong>Doch</strong></span> <span class='ocrx_word' id='word_1_393' title='bbox 699 3601 798 3656; x_wconf 76' lang='lat' dir='ltr'><strong>‘terem</strong></span> <span class='ocrx_word' id='word_1_394' title='bbox 817 3606 953 3656; x_wconf 79' lang='lat' dir='ltr'><strong>consulere</strong></span> <span class='ocrx_word' id='word_1_395' title='bbox 969 3607 1140 3670; x_wconf 79' lang='lat' dir='ltr'><strong>reipublicae.</strong></span> 
     </span>
     <span class='ocr_line' id='line_1_43' title="bbox 153 3669 1230 3740; baseline -0.001 -15"><span class='ocrx_word' id='word_1_396' title='bbox 153 3674 224 3726; x_wconf 83' lang='lat' dir='ltr'><strong>steht</strong></span> <span class='ocrx_word' id='word_1_397' title='bbox 245 3675 285 3736; x_wconf 88' lang='grc'><strong>23,</strong></span> <span class='ocrx_word' id='word_1_398' title='bbox 306 3677 318 3727; x_wconf 87' lang='grc'>1</span> <span class='ocrx_word' id='word_1_399' title='bbox 338 3669 514 3740; x_wconf 69' lang='grc' dir='ltr'><strong>ἰνανιείνέᾳτισ.</strong></span> <span class='ocrx_word' id='word_1_400' title='bbox 750 3690 810 3739; x_wconf 80' lang='lat' dir='ltr'><strong>spes</strong></span> <span class='ocrx_word' id='word_1_401' title='bbox 824 3677 901 3740; x_wconf 80' lang='lat' dir='ltr'><strong>pacis</strong></span> <span class='ocrx_word' id='word_1_402' title='bbox 916 3674 1034 3724; x_wconf 84' lang='lat' dir='ltr'><strong>Domitio</strong></span> <span class='ocrx_word' id='word_1_403' title='bbox 1053 3710 1059 3723; x_wconf 95' lang='lat'>.</span> <span class='ocrx_word' id='word_1_404' title='bbox 1078 3711 1084 3724; x_wconf 89' lang='lat'><strong><em>.</em></strong></span> <span class='ocrx_word' id='word_1_405' title='bbox 1102 3676 1230 3726; x_wconf 82' lang='lat' dir='ltr'><strong>morandi</strong></span> 
     </span>
    </p>

    <p class='ocr_par' dir='ltr' id='par_1_10' title="bbox 154 3740 1229 4011">
     <span class='ocr_line' id='line_1_44' title="bbox 189 3740 1229 3807; baseline 0 -14"><span class='ocrx_word' id='word_1_406' title='bbox 189 3744 212 3793; x_wconf 81' lang='lat'><strong>5.</strong></span> <span class='ocrx_word' id='word_1_407' title='bbox 223 3742 420 3807; x_wconf 77' lang='lat' dir='ltr'><strong>dissiparentur·</strong></span> <span class='ocrx_word' id='word_1_408' title='bbox 429 3743 600 3807; x_wconf 81' lang='lat' dir='ltr'><strong>dispersique.</strong></span> <span class='ocrx_word' id='word_1_409' title='bbox 620 3740 665 3793; x_wconf 87' lang='lat' dir='ltr'><strong>Die</strong></span> <span class='ocrx_word' id='word_1_410' title='bbox 716 3741 808 3792; x_wconf 80' lang='lat' dir='ltr'><strong>attulit</strong></span> <span class='ocrx_word' id='word_1_411' title='bbox 826 3758 941 3804; x_wconf 77' lang='lat' dir='ltr'><strong>courum,</strong></span> <span class='ocrx_word' id='word_1_412' title='bbox 959 3741 1011 3806; x_wconf 82' lang='lat' dir='ltr'><strong>rgl.</strong></span> <span class='ocrx_word' id='word_1_413' title='bbox 1024 3741 1074 3793; x_wconf 82' lang='lat' dir='ltr'><strong>Cic.</strong></span> <span class='ocrx_word' id='word_1_414' title='bbox 1093 3740 1124 3792; x_wconf 91' lang='lat' dir='ltr'><strong>de</strong></span> <span class='ocrx_word' id='word_1_415' title='bbox 1143 3741 1193 3796; x_wconf 88' lang='lat' dir='ltr'><strong>div.</strong></span> <span class='ocrx_word' id='word_1_416' title='bbox 1209 3742 1229 3794; x_wconf 98' lang='lat' dir='ltr'><strong>ll</strong></span> 
     </span>
     <span class='ocr_line' id='line_1_45' title="bbox 155 3809 1229 3876; baseline 0.001 -16"><span class='ocrx_word' id='word_1_417' title='bbox 155 3810 298 3862; x_wconf 83' lang='lat' dir='ltr'><strong>einlachere</strong></span> <span class='ocrx_word' id='word_1_418' title='bbox 318 3809 393 3861; x_wconf 74' lang='lat' dir='ltr'><strong>llorrn</strong></span> <span class='ocrx_word' id='word_1_419' title='bbox 411 3809 493 3861; x_wconf 88' lang='lat' dir='ltr'><strong>dieser</strong></span> <span class='ocrx_word' id='word_1_420' title='bbox 505 3810 665 3861; x_wconf 77' lang='lat' dir='ltr'><strong>Ausdruclrs-</strong></span> <span class='ocrx_word' id='word_1_421' title='bbox 715 3809 732 3876; x_wconf 64' lang='lat'><strong>6</strong></span> <span class='ocrx_word' id='word_1_422' title='bbox 751 3813 765 3861; x_wconf 95' lang='lat'><strong>6</strong></span> <span class='ocrx_word' id='word_1_423' title='bbox 783 3812 823 3861; x_wconf 84' lang='lat' dir='ltr'><strong>Aa</strong></span> <span class='ocrx_word' id='word_1_424' title='bbox 843 3812 910 3860; x_wconf 78' lang='lat' dir='ltr'><strong>milae·</strong></span> <span class='ocrx_word' id='word_1_425' title='bbox 928 3810 1033 3875; x_wconf 82' lang='lat' dir='ltr'><strong>quidem</strong></span> <span class='ocrx_word' id='word_1_426' title='bbox 1052 3811 1229 3874; x_wconf 74' lang='lat' dir='ltr'><strong>euplicundar</strong></span> 
     </span>
     <span class='ocr_line' id='line_1_46' title="bbox 155 3877 1229 3946; baseline 0.003 -19"><span class='ocrx_word' id='word_1_427' title='bbox 155 3879 233 3930; x_wconf 87' lang='lat' dir='ltr'><strong>weise</strong></span> <span class='ocrx_word' id='word_1_428' title='bbox 242 3877 395 3946; x_wconf 79' lang='lat' dir='ltr'><strong>(Epiplolre),</strong></span> <span class='ocrx_word' id='word_1_429' title='bbox 410 3877 665 3944; x_wconf 80' lang='lat' dir='ltr'><strong>mitWiederholung</strong></span> <span class='ocrx_word' id='word_1_430' title='bbox 711 3878 899 3943; x_wconf 76' lang='lat' dir='ltr'><strong>philosophice</strong></span> <span class='ocrx_word' id='word_1_431' title='bbox 912 3893 1020 3928; x_wconf 79' lang='lat' dir='ltr'><strong>causam</strong></span> <span class='ocrx_word' id='word_1_432' title='bbox 1033 3879 1229 3944; x_wconf 79' lang='lat' dir='ltr'><strong>attulitgrauis</strong></span> 
     </span>
     <span class='ocr_line' id='line_1_47' title="bbox 154 3944 935 4011; baseline -0.003 -13"><span class='ocrx_word' id='word_1_433' title='bbox 154 3945 289 3998; x_wconf 85' lang='lat' dir='ltr'><strong>desselben</strong></span> <span class='ocrx_word' id='word_1_434' title='bbox 322 3944 460 4011; x_wconf 86' lang='lat' dir='ltr'><strong>Verbums,</strong></span> <span class='ocrx_word' id='word_1_435' title='bbox 498 3945 578 3998; x_wconf 88' lang='lat' dir='ltr'><strong>findet</strong></span> <span class='ocrx_word' id='word_1_436' title='bbox 609 3947 664 3998; x_wconf 77' lang='lat' dir='ltr'><strong>siclt</strong></span> <span class='ocrx_word' id='word_1_437' title='bbox 717 3962 793 3997; x_wconf 78' lang='lat' dir='ltr'><strong>casua</strong></span> <span class='ocrx_word' id='word_1_438' title='bbox 811 3948 935 3997; x_wconf 78' lang='lat' dir='ltr'><strong>ciuitatis.</strong></span> 
     </span>
    </p>
   </div>
   <div class='ocr_carea' id='block_1_6' title="bbox 0 0 1434 4572">
    <p class='ocr_par' dir='ltr' id='par_1_11' title="bbox 0 0 1434 4572">
     <span class='ocr_line' id='line_1_48' title="bbox 0 0 1434 4572; baseline 0 0"><span class='ocrx_word' id='word_1_439' title='bbox 0 0 1434 4572; x_wconf 95' lang='lat' dir='ltr'><strong> </strong></span> 
     </span>
    </p>
   </div>
  </div>
 </body>
</html>
