2860 4572
228 279 268 338 60
642 279 749 332 CAPUT
767 283 876 334 73-75.
979 274 987 288 ¹

229 471 267 514 ne
290 453 356 533 quis
377 453 413 514 ab
437 471 526 531 opere
555 452 638 514 miles
665 452 843 526 discederet,
868 470 936 514 cum
964 452 1058 531 spatio
1086 472 1147 515 non
1176 451 1301 531 amplius

229 556 366 618 passuum
390 533 503 620 (mille)
524 537 691 600 intermissa
712 538 800 599 valles
822 548 916 600 castra
946 537 1074 598 bostium
1098 537 1239 599 divideret
1263 537 1300 598 ab

178 627 214 684 74
230 643 320 704 opere
348 625 467 702 incepto
497 620 640 706 [Caesaris
668 619 853 705 castrorum]⁸
898 622 1080 695 Pharnaces,
1109 640 1175 684 cum
1198 622 1227 682 id
1253 641 1301 683 re-

229 717 319 788 pente
334 708 428 788 prima
447 709 513 769 luce
529 708 787 782 animadvertisset,
811 708 910 788 copias
927 726 994 768 suas
1010 725 1114 769 omnes
1127 724 1184 788 pro
1199 707 1302 769 castris

228 793 376 855 instruxit.
414 793 493 864 Quas
520 793 694 873 interposita
721 800 800 854 tanta
828 793 962 855 locorum
991 792 1146 872 iniquitate
1176 811 1303 854 consue-

228 878 331 940 tudine
359 879 451 959 magls
479 878 648 958 pervulgata
675 878 794 940 militari
822 877 960 939 credebat
987 877 1095 939 instrui
1124 877 1230 939 Caesar
1257 879 1303 938 vel

228 963 263 1024 ad
292 983 368 1043 opus
395 982 481 1025 suum
506 962 700 1036 tardandum,
728 981 788 1042 quo
817 964 919 1043 plures
944 963 973 1022 in
1003 964 1092 1024 armis
1118 971 1302 1036 tenerentur,

228 1049 274 1110 rel
296 1051 330 1110 ad
347 1049 574 1110 ostentationem
590 1049 687 1127 regiae
702 1048 836 1121 fiduciae,
860 1067 897 1108 ne
919 1048 1085 1109 munitione
1100 1048 1192 1127 magis
1215 1065 1303 1126 quam

191 1143 207 1194 2
228 1151 318 1196 manu
341 1134 499 1196 defendere
521 1134 618 1194 locum
635 1134 801 1194 Pharnaces
822 1133 978 1194 videretur.
1021 1133 1123 1211 ltaque
1145 1133 1303 1194 deterritus

231 1239 291 1280 non
315 1228 368 1294 est,
393 1237 451 1299 quo
474 1219 574 1280 minus
588 1219 684 1298 prima
699 1218 761 1279 acie
782 1237 838 1297 pro
853 1219 927 1278 vallo
943 1219 1087 1280 instructa
1108 1219 1220 1296 reliqua
1235 1237 1304 1299 pars

193 1313 208 1362 a
230 1305 377 1365 exercitus
400 1322 475 1382 opus
497 1305 615 1364 laceret.
659 1303 697 1364 lo
718 1304 884 1364 Pharnaces
911 1302 1055 1381 impulsus
1077 1303 1136 1364 sive
1158 1303 1216 1364 loci
1238 1304 1304 1365 leli-

230 1389 317 1450 oltate
340 1389 400 1449 sire
422 1387 559 1467 auspiciis
582 1398 611 1449 et
632 1388 827 1469 religionibus
848 1388 997 1463 inductus,
1020 1387 1128 1467 quibus
1150 1389 1305 1469 obtempe-

230 1491 311 1534 rasse
334 1491 401 1533 eum
423 1481 523 1553 postea
552 1473 757 1547 audiebamus,
786 1474 845 1536 sire
868 1473 1012 1552 paucitate
1036 1481 1223 1550 nostrorum,
1252 1475 1303 1554 qui

230 1559 260 1618 in
283 1558 372 1619 armis
388 1565 481 1631 eraut,
505 1566 683 1637 contempta,
707 1577 775 1619 cum
793 1577 876 1619 more
892 1559 990 1638 operis
1005 1558 1144 1619 cotidiani
1166 1577 1303 1638 magnam

230 1643 306 1704 illam
330 1660 481 1704 servorum
503 1643 731 1716 multitudinem,
755 1661 829 1722 quae
851 1661 988 1722 aggerem
1011 1643 1156 1722 portabat,
1178 1644 1305 1706 militum

230 1746 294 1790 esse
317 1728 496 1799 credidisset,
520 1729 578 1789 sive
601 1729 687 1789 etiam
703 1727 808 1789 fiducia
824 1729 953 1788 veterani
969 1729 1116 1790 exercitus
1137 1729 1191 1802 sui,
1215 1747 1304 1808 quem

230 1832 290 1874 xxn
312 1814 343 1874 in
365 1813 428 1874 acie
442 1813 608 1875 conflixisse
631 1824 660 1874 et
674 1813 778 1875 vicisse
796 1813 883 1891 legati
905 1813 968 1874 eius
982 1814 1194 1891 gloriabantur,
1217 1815 1305 1876 simul

230 1907 404 1978 contemptu
427 1901 572 1960 exercitus
595 1899 705 1972 nostri,
736 1916 823 1977 quem
846 1898 964 1977 pulsum
987 1917 1002 1958 a
1026 1918 1057 1960 se
1079 1898 1206 1960 Domitio
1229 1901 1306 1963 duce

231 1983 357 2058 sciebat,
385 1984 458 2044 inito
485 1983 609 2045 consilio
638 1983 794 2045 dimicandi
823 1983 1004 2056 descendere
1025 1979 1093 2068 (in)
1114 1994 1305 2064 praeruptam

193 2078 209 2129 4
229 2069 332 2130 vallem
348 2069 456 2148 coepit.
487 2067 576 2130 Cuius
594 2068 773 2148 aliquamdiu
789 2068 894 2130 Caesar
907 2068 1053 2129 inridebat
1068 2069 1187 2130 inanem
1204 2078 1305 2131 osten-

230 2155 371 2215 tationem
388 2165 417 2215 et
432 2172 467 2214 eo
482 2153 549 2214 loco
563 2153 686 2215 militum
706 2154 928 2226 coartationem,
951 2171 1038 2232 quem
1055 2155 1199 2215 inlocum
1216 2173 1305 2216 nemo

232 2258 321 2301 sanus
349 2239 441 2300 bostis
470 2238 622 2302 subiturus
650 2249 741 2300 essct:
772 2257 840 2300 curn
870 2239 989 2299 interim
1011 2239 1178 2300 Pharnaces
1201 2242 1306 2302 eodem
1418 2280 1421 2295 ·

233 2324 334 2402 gradu,
356 2324 461 2402 quoin
479 2324 636 2403 proclivem
653 2324 845 2385 descenderat
859 2324 970 2396 vallem,
992 2325 1152 2386 ascendere
1166 2326 1306 2386 adversus
1418 2344 1422 2390 l

182 2411 216 2468 ab
232 2409 357 2469 arduum
380 2409 484 2468 collem
505 2408 657 2470 instructis
680 2410 773 2488 copiis
790 2409 896 2489 coepit.
934 2409 1038 2470 Caesar
1053 2409 1218 2471 incredibili
1240 2411 1306 2472 eius

232 2492 277 2553 vel
299 2493 464 2553 temeritate
486 2495 531 2554 vel
553 2493 658 2555 fiducia
681 2504 845 2555 commotus
862 2512 960 2572 neque
983 2495 1109 2573 opinans
1130 2494 1306 2575 imparatus-

319 2626 361 2691 73,
380 2629 403 2679 3.
417 2643 547 2692 passuum
566 2626 600 2692 U,
619 2644 692 2693 pare.
711 2627 730 2678 1⁴¹
748 2629 804 2691 (mit
821 2627 903 2680 einem
922 2627 1031 2680 Zeicben
1056 2628 1099 2687 der
1117 2628 1226 2695 Lacte),
1246 2646 1309 2696 poa-

232 2711 290 2746 aum
309 2693 353 2746 'l'V
414 2711 543 2760 pascuum
559 2693 662 2765 (mille)
680 2697 727 2747 mit
745 2697 815 2747 einer
834 2696 1010 2748 schleclateren
1030 2695 1170 2748 Handscbr.
1223 2699 1307 2748 inter-

233 2768 290 2815 ca'oa
307 2766 336 2835 β,
352 2766 506 2814 intermissa
524 2763 553 2816 R.
573 2763 649 2816 Scbn.
736 2763 855 2816 oaldsv
940 2768 1042 2815 incerto
1061 2763 1107 2816 'l'V
1176 2766 1309 2829 [Caesaris

233 2835 392 2895 corborum]
411 2831 506 2883 Kraner

317 2898 360 2954 74.
379 2903 402 2953 l.
426 2904 582 2951 tenerentur
603 2898 650 2966 <id
670 2900 732 2963 fieri
756 2897 892 2966 credebat>
908 2897 950 2950 Ul*
1038 2901 1061 2950 2.
1080 2903 1164 2966 [opus]
1183 2899 1206 2950 V

233 2971 256 3021 3.
274 2968 412 3020 Famooea
430 2966 452 3018 U
521 2972 656 3035 comperta
673 2972 701 3039 β,
724 2973 875 3034 contempto
892 2967 996 3018 Fischer
1015 2965 1103 3031 Progr.
1122 2966 1220 3020 Passau
1240 2971 1306 3023 1880

234 3035 259 3088 S.
270 3038 303 3088 24
325 3041 481 3155 ffifflm
499 3039 528 3108 β,
545 3039 667 3087 veterani
681 3036 825 3102 Stephanus
878 3051 954 3101 quem
966 3035 1041 3087 XXII
1053 3033 1108 3101 TV,
1126 3052 1185 3087 cum
1205 3037 1308 3102 legione

233 3119 309 3170 quern

233 3169 1091 3306 aatttutlt‘btuttlttttltttt’ttttlallll:
1170 3174 1311 3306 batt

233 3309 329 3380 looop
413 3312 480 3358 ercet
500 3309 638 3357 cubiturus
660 3306 682 3356 V
770 3323 821 3373 quo
846 3311 875 3357 in
892 3308 1027 3373 proelium
1051 3307 1118 3360 deso.
1143 3305 1177 3372 Τ,
1202 3325 1255 3374 quo
1278 3313 1309 3360 in

233 3376 329 3427 bollum
352 3376 473 3440 dcccv,
500 3392 551 3441 quo
566 3376 743 3441 praeruptam
766 3380 796 3426 in
810 3376 945 3440 proelium
963 3376 1029 3426 doec.
1048 3375 1103 3442 UF,
1128 3391 1180 3442 quo
1198 3381 1229 3426 in
1243 3393 1309 3443 pro-

234 3445 326 3496 clivem
345 3445 514 3495 descenderat
530 3445 625 3494 uallem
641 3443 789 3510 Nipperdey

266 3546 439 3597 intermissa*
455 3545 536 3597 valler
553 3544 604 3610 vgl.
623 3545 677 3596 vlll
693 3546 744 3607 9,2
831 3547 854 3598 3.
868 3549 956 3630 operio
968 3545 1110 3596 cotidiani:
1123 3539 1310 3612 der‘gewdhu·

232 3615 301 3666 oolla
324 3616 476 3665 inlumina
499 3617 587 3679 magio
603 3616 633 3664 in
650 3615 745 3664 altitu·
795 3613 880 3664 lichen
898 3612 1249 3680 Arbeitsrreise‚vgl.119,l
1265 3632 1311 3668 co·

234 3683 322 3734 dinem
337 3684 459 3748 depresso
473 3697 553 3748 quom
566 3682 619 3732 late
629 3685 744 3748 patente.
797 3681 908 3732 tidianr's
925 3683 1115 3747 interpretibus
1129 3688 1238 3734 remotio
1256 3681 1311 3736 und

267 3748 310 3813 74,
324 3755 346 3803 2.
370 3751 515 3801 deterritae
538 3765 592 3801 non
616 3755 666 3815 ort,
692 3765 744 3815 quo
797 3747 889 3802 Stoffel
907 3749 915 3800 l
933 3765 958 3816 p.
977 3751 1034 3802 267.

233 3821 321 3869 minuo
338 3855 345 3870 .
364 3856 371 3869 .
390 3855 396 3869 .
418 3819 522 3884 reliqua
542 3834 609 3884 pars
627 3855 633 3870 .
653 3858 658 3869 .
680 3817 745 3878 ‚sct-
832 3821 855 3869 4.
879 3817 996 3868 militum
1020 3820 1243 3869 cohortationem:
1266 3817 1311 3870 die

234 3890 319 3936 carot:
343 3886 387 3937 der
406 3885 523 3938 Wecbsel
542 3886 588 3938 des
606 3885 746 3950 Snbjektes
796 3884 906 3952 Heilung
923 3885 1007 3939 dieser
1019 3885 1099 3938 Stelle
1112 3885 1146 3936 ist
1158 3886 1224 3938 nocb
1237 3885 1312 3938 nieht

234 3953 268 4004 ist
286 3952 432 4007 anllallend.
797 3953 933 4020 gelungen.
