2860 4572
217 236 257 297 26
647 238 754 292 CAPUT
773 244 814 294 32.
829 244 870 294 33.

165 416 203 473 33
218 410 339 490 perisse.
384 409 427 472 Re
449 410 614 473 felicissime
637 411 850 490 celerrimeque
872 421 952 492 gesta
974 412 1079 474 Caesar
1101 431 1205 492 magna
1227 413 1288 476 vie-

217 496 309 557 toriae
323 494 427 556 dducia
450 496 584 574 proximo
606 498 739 558 terrestri
760 497 868 557 itinere
890 497 1095 560 Alexandriam
1114 517 1181 560 cum
1203 498 1288 578 equi-

217 581 296 642 tihus
326 579 480 641 contendit
509 591 596 660 atque
627 600 660 642 ea
689 589 772 661 parte
803 582 903 662 oppidi
930 582 1025 643 victor
1052 584 1182 657 introiit,
1213 601 1287 662 quae

180 677 195 728 2
215 664 362 745 praesidio
373 665 503 726 hostium
517 666 679 728 tenebatur.
705 666 807 745 Neque
823 685 889 728 eum
905 668 1061 728 consilium
1074 687 1160 730 suum
1175 668 1287 741 fefellit,

217 751 288 828 quin
311 750 412 811 hostes
427 769 462 811 eo
485 752 598 830 proelio
622 751 720 812 audito
744 751 817 813 nihil
832 752 888 812 iam
904 751 1033 813 debello
1056 762 1156 814 essent
1177 753 1287 833 cogita·

216 835 283 896 turi.
320 834 449 913 [lignum
471 837 628 899 adveniens
657 838 786 898 fructum
811 837 925 898 virtutis
947 846 978 898 et
998 837 1088 898 animi
1110 837 1288 916 magnitudi-

180 929 194 978 a
216 919 261 982 nis
281 919 359 980 tulit.
398 920 502 983 Omnis
516 922 595 983 enim
617 922 775 983 multitudo
797 921 1011 1002 oppidanorum
1035 922 1124 984 armis
1146 923 1289 1001 proiectis

215 1005 490 1084 munitionibusque
518 1007 579 1068 suis
600 1007 710 1068 relictis
739 1015 819 1068 vesle
841 1025 873 1068 ea
896 1016 1028 1088 sumpta,
1060 1025 1117 1087 qua
1138 1007 1288 1087 supplices

215 1091 401 1152 dominantes
430 1091 581 1170 deprecari
610 1101 811 1166 consuerunt,
842 1093 991 1171 sacrisque
1021 1091 1159 1154 omnihus
1188 1092 1286 1171 prola·

215 1176 261 1251 tis,
284 1194 411 1255 quorum
433 1177 577 1257 religione
593 1177 709 1256 precari
732 1178 861 1239 offensos
883 1177 1032 1257 iratosque
1047 1177 1161 1240 animos
1183 1195 1286 1255 regum

217 1270 302 1322 eraut
316 1261 402 1334 soliti,
425 1261 592 1323 advenienti
608 1261 724 1325 Caesari
743 1272 939 1324 occurrerunt
955 1280 1047 1341 seque
1062 1262 1088 1322 ei
1103 1261 1287 1323 dediderunt.

179 1356 193 1404 4
216 1346 321 1408 Caesar
343 1345 373 1406 in
396 1346 482 1407 fidem
513 1357 649 1427 receptos
678 1347 847 1410 consolatus
869 1366 923 1428 per
950 1348 1079 1410 hostium
1106 1346 1290 1408 munitiones

216 1431 246 1491 in
269 1449 350 1492 suam
374 1440 487 1509 partem
512 1432 612 1513 oppidi
635 1451 742 1511 magna
764 1433 961 1511 gratulatione
976 1433 1055 1494 venit
1076 1450 1213 1505 suorum3
1236 1430 1289 1509 qui

216 1535 277 1577 non
300 1524 414 1576 tantum
437 1515 546 1578 bellum
577 1517 673 1597 ipsum
695 1536 730 1578 ao
752 1517 988 1592 dimicationem,
1017 1517 1068 1580 sed
1091 1517 1178 1578 etiam
1200 1515 1288 1577 talem

216 1601 370 1662 adventum
396 1601 457 1663 eius
480 1602 594 1663 felicem
617 1603 707 1664 luisse
730 1601 924 1664 laetabantur.

164 1691 202 1749 33
302 1686 408 1748 Caesar
429 1687 563 1768 Aegypto
585 1696 672 1766 atque
689 1686 862 1749 Alexandria
885 1687 996 1767 potitus
1018 1704 1105 1765 reges
1127 1684 1290 1759 constituit,

216 1790 290 1850 quos
312 1770 499 1834 Ptolomaeus
527 1780 703 1834 testamento
733 1771 891 1851 scripserat
920 1781 1007 1850 atque
1036 1770 1198 1831 obtestatus
1227 1779 1290 1831 erat

178 1869 192 1918 2
214 1856 356 1936 populum
379 1856 564 1932 Romanum,
587 1877 625 1919 ne
647 1866 842 1919 mutarentur.
886 1856 959 1918 Nam
982 1855 1093 1916 maiore
1116 1874 1153 1915 ex
1174 1854 1291 1917 duobus

299 2005 346 2069 32,
366 2009 388 2059 1.
406 2021 520 2070 magnae
538 2009 670 2057 victoriae
692 2008 793 2069 fidncia
811 2011 846 2080 β,
870 2021 969 2071 magna
987 2007 1049 2057 aiot.
1068 2004 1115 2068 fid.
1140 2003 1290 2056 Gieceonius

266 2074 467 2125 Alenundream
485 2074 526 2126 ΤΕ
612 2078 710 2127 introit
727 2074 769 2126 Ul*
856 2077 879 2128 2.
898 2073 1035 2126 audiant]
1121 2075 1207 2123 animi
1223 2073 1291 2123 rnul-

216 2143 340 2194 titudinis
357 2140 378 2193 T
449 2145 472 2195 3.
492 2145 628 2209 relegione
645 2143 667 2195 U

299 2209 344 2274 33,
357 2212 380 2261 1.
401 2216 440 2330 ”fs
450 2227 515 2277 qnos
532 2216 560 2284 β,
579 2212 628 2279 [nt]
648 2213 695 2265 mit
711 2208 887 2264 schlechleren
901 2209 1040 2263 Handsehr.
1091 2209 1293 2280 Ptolernaeuepi

295 2283 353 2329 erat
370 2278 404 2344 p‘r

214 2429 271 2465 nam
290 2414 335 2466 des
353 2413 450 2480 Koniqs
469 2430 499 2466 an
519 2415 576 2466 dem
597 2415 724 2481 goldenen
777 2416 946 2476 dominante;
963 2411 1138 2476 Tac.Hiet.l,
1152 2413 1185 2463 14
1203 2415 1292 2462 acam-

214 2480 311 2535 Panzer
333 2482 449 2534 erkennt.
491 2483 517 2534 ln
541 2482 641 2534 Aradus
664 2485 725 2534 aber
778 2485 843 2533 tiam
861 2483 1068 2534 dominantium.

213 2551 317 2601 tauchte
335 2553 421 2616 opiter
443 2551 483 2602 ein
502 2548 577 2601 Alann
601 2551 657 2613 aul,
681 2551 726 2602 der
810 2551 954 2615 deprecari
966 2546 1234 2614 elqrn.=jemanden
1248 2562 1293 2599 an·

214 2619 268 2670 sich
281 2618 322 2669 ldr
333 2618 382 2669 den
395 2617 631 2670 versclrwundenen
642 2617 725 2683 lionig
778 2617 872 2682 ssehen,
882 2617 935 2683 vgl.
946 2616 997 2670 Cic.
1011 2631 1037 2682 p.
1047 2614 1132 2667 Sestio
1142 2616 1157 2680 ἓ
1166 2616 1197 2667 tt
1208 2614 1292 2678 Quem

214 2687 319 2752 ausgab,
336 2687 462 2738 Antonius
477 2686 534 2738 liels
550 2686 592 2737 ilrn
606 2702 637 2738 an
650 2686 727 2737 Kleo·
778 2688 848 2736 eninr
867 2686 1059 2751 deprecarere?

215 2760 287 2821 patra
305 2754 449 2808 auslielem.
487 2752 542 2820 Vgl.
565 2754 666 2820 Appian
685 2752 725 2804 Bu
812 2756 836 2805 4.
853 2769 909 2804 non
926 2757 1031 2804 tontum
1043 2790 1050 2805 .
1063 2788 1070 2802 .
1083 2751 1130 2802 red
1146 2753 1226 2801 etiam
1238 2750 1291 2818 vgl.

215 2827 240 2888 5,
258 2825 282 2876 3.
779 2824 820 2886 34,
839 2823 865 2882 21
890 2824 931 2886 42,
951 2825 979 2882 1;
1004 2823 1046 2885 49,
1064 2820 1088 2881 2,
1113 2817 1163 2869 und
1188 2820 1292 2885 (neque)

248 2890 293 2955 33,
307 2895 329 2943 1.
342 2889 462 2955 magno*
477 2892 608 2940 victoriae
625 2889 727 2950 fidncia
779 2892 819 2953 58,
838 2893 866 2949 4;
885 2892 963 2955 61,1.
995 2888 1045 2941 ller
1062 2885 1132 2939 tert.
1151 2886 1292 2952 gebrauch't

214 2959 265 3025 egl.
286 2961 326 3022 12,
345 2959 360 3010 2
377 2973 476 3023 magno
500 2974 545 3024 ape
563 2962 588 3007 et
612 2957 725 3019 finierim
778 2958 912 3010 nundinae
932 2956 1112 3021 Verbindung,
1130 2955 1229 3007 welche
1248 2955 1290 3007 bei

217 3030 239 3092 1,
258 3029 333 3092 56,3
356 3042 455 3092 magna
480 3026 580 3089 fiducia
604 3062 611 3078 .
634 3065 641 3080 .
663 3042 727 3092 pro·
778 3025 866 3089 diser,
885 3026 918 3078 im
938 3023 966 3078 B.
980 3025 1057 3077 Alric.
1076 3023 1127 3074 und
1146 3022 1216 3088 lliep.
1235 3023 1290 3076 siclt

214 3096 319 3146 cedunt.
359 3115 362 3123 ·
778 3093 849 3147 nicht
866 3092 953 3147 findet.
984 3092 1079 3144 Hirtius
1092 3090 1165 3154 (Vlll)
1177 3091 1290 3144 schreibt

249 3179 279 3214 ea
289 3166 370 3228 parte
384 3163 477 3228 oppidi
490 3200 496 3214 .
509 3201 515 3212 .
528 3164 677 3213 introiit=
688 3157 726 3213 ‘er
777 3178 831 3213 non
848 3164 934 3214 solum
949 3161 1002 3213 Vlll
1023 3161 1062 3224 13,
1075 3159 1153 3212 2111111
1166 3175 1220 3211 non
1233 3166 1290 3211 ton·

214 3246 263 3295 rog
281 3229 360 3281 durch
378 3230 426 3282 den
446 3229 567 3283 Stadtteil
591 3222 655 3291 ein';
681 3229 726 3281 der
777 3235 834 3282 inm
843 3229 895 3282 Vlll
906 3231 975 3294 6,t;
994 3231 1040 3291 41,
1054 3230 1081 3286 6;
1095 3229 1197 3293 (nequo)
1211 3231 1252 3292 52,
1266 3231 1288 3280 5.

214 3300 328 3364 eonstige
337 3297 471 3350 Gebrancn
484 3315 534 3351 von
547 3301 662 3349 introire
673 3296 725 3350 und
811 3297 857 3362 33,
883 3303 905 3351 1.
950 3296 998 3348 ller
1024 3295 1107 3347 lnhalt
1133 3296 1178 3347 des
1201 3295 1290 3348 Testa·

214 3370 319 3418 intrare
341 3367 381 3417 bei
406 3367 482 3418 Gisar
505 3366 556 3418 und
582 3365 630 3418 den
654 3366 726 3419 Fort—
778 3373 877 3418 mentes
899 3367 934 3417 ist
957 3368 980 3428 3,
1006 3367 1063 3428 108,
1087 3367 1102 3418 3
1128 3365 1288 3430 angegeben:

215 3441 313 3487 setzern
341 3434 395 3499 legi
419 3434 460 3487 die
486 3434 644 3500 Vermutunq
669 3449 726 3484 eom
777 3436 810 3486 In
844 3437 997 3486 testamento
1026 3433 1174 3484 Ptolomaei
1199 3435 1289 3498 patrie

213 3510 316 3570 portem
334 3503 407 3555 nahe.
778 3503 885 3554 heredes
911 3505 990 3552 orani
1011 3502 1109 3566 scripti
1130 3517 1164 3551 en
1187 3501 1288 3552 dnobus

250 3574 272 3624 2.
291 3571 383 3637 Neque
405 3587 466 3622 enm
489 3572 631 3622 consilium
648 3585 726 3620 auum
777 3571 844 3634 filiis
860 3573 948 3621 maior
965 3574 992 3619 et
1008 3585 1043 3620 eae
1061 3569 1165 3620 duabus
1181 3569 1289 3631 filiabus

214 3637 325 3704 fefellit,
353 3642 418 3705 quin
444 3646 493 3692 ete.
515 3639 568 3704 rgl.
593 3641 617 3701 3,
644 3640 686 3702 94,
710 3640 725 3690 3
777 3637 1288 3704 eaquaeaetateanieoededat.-quoe

213 3707 306 3774 Neque
318 3724 379 3759 aero
394 3708 531 3760 Caesarem
542 3707 647 3770 fefellit,
661 3710 726 3772 quin
777 3745 783 3758 .
801 3744 808 3760 .
825 3710 971 3773 scripserat
986 3704 1148 3771 gewdhnlich
1167 3705 1214 3756 mit
1231 3705 1288 3757 deut

215 3813 222 3827 .
240 3813 247 3828 .
265 3778 374 3827 initium
392 3779 520 3828 victoriae
538 3778 665 3827 oriretur.
776 3773 884 3827 Zueatze
895 3774 1289 3838 heredes-atquecateetatm

248 3847 271 3897 3.
290 3844 456 3896 dominantes
475 3843 560 3898 Subst.
576 3844 640 3896 “ihre
653 3843 726 3894 llerr-
777 3848 836 3894 erat
847 3842 963 3895 schlielst
980 3841 1036 3893 sich
1054 3841 1169 3894 schleoht
1187 3857 1219 3893 an
1238 3841 1287 3894 den

214 3905 305 3977 ocher',
322 3911 374 3977 vgl.
393 3912 453 3966 Tac.
472 3915 537 3966 Ann.
557 3915 597 3976 14,
615 3914 726 3964 56111111
776 3910 932 3964 Relativsatz
949 3924 990 3966 an.
