<?xml version="1.0" encoding="UTF-8"?>
<!DOCTYPE html PUBLIC "-//W3C//DTD XHTML 1.0 Transitional//EN"
    "http://www.w3.org/TR/xhtml1/DTD/xhtml1-transitional.dtd">
<html xmlns="http://www.w3.org/1999/xhtml" xml:lang="en" lang="en">
 <head>
  <title>
</title>
<meta http-equiv="Content-Type" content="text/html;charset=utf-8" />
  <meta name='ocr-system' content='tesseract 3.04.00' />
  <meta name='ocr-capabilities' content='ocr_page ocr_carea ocr_par ocr_line ocrx_word'/>
</head>
<body>
  <div class='ocr_page' id='page_1' title='image "bellumalexandri00hirtgoog_0057.png"; bbox 0 0 2860 4572; ppageno 0'>
   <div class='ocr_carea' id='block_1_1' title="bbox 200 229 856 289">
    <p class='ocr_par' dir='ltr' id='par_1_1' title="bbox 200 229 856 289">
     <span class='ocr_line' id='line_1_1' title="bbox 200 229 856 289; baseline -0.006 0"><span class='ocrx_word' id='word_1_1' title='bbox 200 231 242 289; x_wconf 80' lang='grc'><strong>44</strong></span> <span class='ocrx_word' id='word_1_2' title='bbox 621 229 728 283; x_wconf 78' lang='lat' dir='ltr'>CAPUT</span> <span class='ocrx_word' id='word_1_3' title='bbox 747 233 856 286; x_wconf 78' lang='lat'><strong>53-55.</strong></span> 
     </span>
    </p>
   </div>
   <div class='ocr_carea' id='block_1_2' title="bbox 150 400 1306 2268">
    <p class='ocr_par' dir='ltr' id='par_1_2' title="bbox 150 400 1306 1504">
     <span class='ocr_line' id='line_1_2' title="bbox 202 400 1282 482; baseline -0.005 -14"><span class='ocrx_word' id='word_1_4' title='bbox 202 404 331 469; x_wconf 88' lang='lat' dir='ltr'><strong>secunda</strong></span> <span class='ocrx_word' id='word_1_5' title='bbox 353 404 448 482; x_wconf 89' lang='lat' dir='ltr'><strong>legio,</strong></span> <span class='ocrx_word' id='word_1_6' title='bbox 481 422 542 464; x_wconf 90' lang='lat' dir='ltr'><strong>noo</strong></span> <span class='ocrx_word' id='word_1_7' title='bbox 566 401 737 464; x_wconf 89' lang='lat' dir='ltr'><strong>cumomni</strong></span> <span class='ocrx_word' id='word_1_8' title='bbox 763 402 915 480; x_wconf 86' lang='lat' dir='ltr'><strong>provincia</strong></span> <span class='ocrx_word' id='word_1_9' title='bbox 941 409 1133 464; x_wconf 81' lang='lat' dir='ltr'><strong>consenserat</strong></span> <span class='ocrx_word' id='word_1_10' title='bbox 1154 401 1185 462; x_wconf 92' lang='lat' dir='ltr'><strong>in</strong></span> <span class='ocrx_word' id='word_1_11' title='bbox 1209 400 1282 462; x_wconf 93' lang='lat' dir='ltr'><strong>odio</strong></span> 
     </span>
     <span class='ocr_line' id='line_1_3' title="bbox 203 485 1284 567; baseline -0.006 -14"><span class='ocrx_word' id='word_1_12' title='bbox 203 491 309 554; x_wconf 87' lang='lat' dir='ltr'><strong>Cassii:</strong></span> <span class='ocrx_word' id='word_1_13' title='bbox 343 508 412 549; x_wconf 93' lang='lat' dir='ltr'><strong>nam</strong></span> <span class='ocrx_word' id='word_1_14' title='bbox 440 488 572 567; x_wconf 80' lang='lat' dir='ltr'>legiones</span> <span class='ocrx_word' id='word_1_15' title='bbox 600 507 657 550; x_wconf 90' lang='lat' dir='ltr'><strong>xxx</strong></span> <span class='ocrx_word' id='word_1_16' title='bbox 685 497 716 548; x_wconf 89' lang='lat' dir='ltr'><strong>et</strong></span> <span class='ocrx_word' id='word_1_17' title='bbox 744 505 793 547; x_wconf 88' lang='lat' dir='ltr'><strong>xxr</strong></span> <span class='ocrx_word' id='word_1_18' title='bbox 823 488 925 567; x_wconf 79' lang='lat' dir='ltr'><strong>paucis</strong></span> <span class='ocrx_word' id='word_1_19' title='bbox 956 485 1108 548; x_wconf 89' lang='lat' dir='ltr'><strong>mensibus</strong></span> <span class='ocrx_word' id='word_1_20' title='bbox 1136 486 1165 548; x_wconf 92' lang='lat' dir='ltr'><strong>in</strong></span> <span class='ocrx_word' id='word_1_21' title='bbox 1196 487 1284 548; x_wconf 87' lang='lat' dir='ltr'><strong>ltalia</strong></span> 
     </span>
     <span class='ocr_line' id='line_1_4' title="bbox 204 571 1285 654; baseline -0.004 -16"><span class='ocrx_word' id='word_1_22' title='bbox 204 577 328 654; x_wconf 88' lang='lat' dir='ltr'><strong>scriptas</strong></span> <span class='ocrx_word' id='word_1_23' title='bbox 352 573 456 635; x_wconf 83' lang='lat' dir='ltr'><strong>Caesar</strong></span> <span class='ocrx_word' id='word_1_24' title='bbox 485 573 661 634; x_wconf 80' lang='lat' dir='ltr'><strong>attribuerat</strong></span> <span class='ocrx_word' id='word_1_25' title='bbox 680 574 834 651; x_wconf 79' lang='lat' dir='ltr'>Longino,</span> <span class='ocrx_word' id='word_1_26' title='bbox 863 573 966 651; x_wconf 92' lang='lat' dir='ltr'><strong>quinta</strong></span> <span class='ocrx_word' id='word_1_27' title='bbox 989 571 1066 650; x_wconf 91' lang='lat' dir='ltr'><strong>legio</strong></span> <span class='ocrx_word' id='word_1_28' title='bbox 1097 590 1193 651; x_wconf 80' lang='lat' dir='ltr'><strong>nuper</strong></span> <span class='ocrx_word' id='word_1_29' title='bbox 1215 580 1285 633; x_wconf 86' lang='lat' dir='ltr'><strong>erat</strong></span> 
     </span>
     <span class='ocr_line' id='line_1_5' title="bbox 150 656 1282 728; baseline -0.005 -4"><span class='ocrx_word' id='word_1_30' title='bbox 150 665 188 724; x_wconf 73' lang='lat'><strong>54</strong></span> <span class='ocrx_word' id='word_1_31' title='bbox 205 661 245 722; x_wconf 93' lang='lat' dir='ltr'><strong>ibi</strong></span> <span class='ocrx_word' id='word_1_32' title='bbox 268 661 410 720; x_wconf 86' lang='lat' dir='ltr'><strong>coniectu.</strong></span> <span class='ocrx_word' id='word_1_33' title='bbox 448 659 570 722; x_wconf 84' lang='lat' dir='ltr'><strong>Interim</strong></span> <span class='ocrx_word' id='word_1_34' title='bbox 586 659 740 720; x_wconf 92' lang='lat' dir='ltr'><strong>nuntiatur</strong></span> <span class='ocrx_word' id='word_1_35' title='bbox 754 657 907 720; x_wconf 83' lang='lat' dir='ltr'><strong>Laterensi</strong></span> <span class='ocrx_word' id='word_1_36' title='bbox 922 658 1017 719; x_wconf 87' lang='lat' dir='ltr'><strong>virere</strong></span> <span class='ocrx_word' id='word_1_37' title='bbox 1033 657 1173 720; x_wconf 84' lang='lat' dir='ltr'><strong>Cassium.</strong></span> <span class='ocrx_word' id='word_1_38' title='bbox 1211 656 1282 728; x_wconf 85' lang='lat' dir='ltr'><strong>Quo</strong></span> 
     </span>
     <span class='ocr_line' id='line_1_6' title="bbox 204 741 1306 823; baseline -0.004 -17"><span class='ocrx_word' id='word_1_39' title='bbox 204 744 309 806; x_wconf 91' lang='lat' dir='ltr'><strong>nuntio</strong></span> <span class='ocrx_word' id='word_1_40' title='bbox 332 744 434 805; x_wconf 91' lang='lat' dir='ltr'><strong>dolore</strong></span> <span class='ocrx_word' id='word_1_41' title='bbox 456 743 549 822; x_wconf 91' lang='lat' dir='ltr'><strong>magis</strong></span> <span class='ocrx_word' id='word_1_42' title='bbox 570 752 724 823; x_wconf 88' lang='lat' dir='ltr'><strong>permotus</strong></span> <span class='ocrx_word' id='word_1_43' title='bbox 746 761 833 821; x_wconf 92' lang='lat' dir='ltr'><strong>quam</strong></span> <span class='ocrx_word' id='word_1_44' title='bbox 856 743 953 804; x_wconf 90' lang='lat' dir='ltr'><strong>animo</strong></span> <span class='ocrx_word' id='word_1_45' title='bbox 977 741 1306 822; x_wconf 86' lang='lat' dir='ltr'><strong>perturbatusreiicit</strong></span> 
     </span>
     <span class='ocr_line' id='line_1_7' title="bbox 174 827 1283 908; baseline -0.002 -18"><span class='ocrx_word' id='word_1_46' title='bbox 174 839 235 892; x_wconf 76' lang='lat' dir='ltr'><strong>ise</strong></span> <span class='ocrx_word' id='word_1_47' title='bbox 258 829 394 890; x_wconf 81' lang='lat' dir='ltr'><strong>celeriter</strong></span> <span class='ocrx_word' id='word_1_48' title='bbox 416 837 445 890; x_wconf 91' lang='lat' dir='ltr'><strong>et</strong></span> <span class='ocrx_word' id='word_1_49' title='bbox 465 829 501 889; x_wconf 91' lang='lat' dir='ltr'><strong>ad</strong></span> <span class='ocrx_word' id='word_1_50' title='bbox 517 829 647 890; x_wconf 85' lang='lat' dir='ltr'><strong>Cassium</strong></span> <span class='ocrx_word' id='word_1_51' title='bbox 671 828 821 890; x_wconf 90' lang='lat' dir='ltr'><strong>visendum</strong></span> <span class='ocrx_word' id='word_1_52' title='bbox 844 828 1051 908; x_wconf 85' lang='lat' dir='ltr'><strong>proficiscitur.</strong></span> <span class='ocrx_word' id='word_1_53' title='bbox 1095 827 1138 888; x_wconf 86' lang='lat' dir='ltr'><strong>Re</strong></span> <span class='ocrx_word' id='word_1_54' title='bbox 1160 827 1283 905; x_wconf 90' lang='lat' dir='ltr'><strong>cognita</strong></span> 
     </span>
     <span class='ocr_line' id='line_1_8' title="bbox 203 912 1284 993; baseline -0.001 -18"><span class='ocrx_word' id='word_1_55' title='bbox 203 933 260 975; x_wconf 90' lang='lat' dir='ltr'><strong>xxx</strong></span> <span class='ocrx_word' id='word_1_56' title='bbox 282 915 359 993; x_wconf 89' lang='lat' dir='ltr'><strong>legio</strong></span> <span class='ocrx_word' id='word_1_57' title='bbox 382 915 465 992; x_wconf 85' lang='lat' dir='ltr'><strong>signa</strong></span> <span class='ocrx_word' id='word_1_58' title='bbox 488 913 653 976; x_wconf 84' lang='lat' dir='ltr'><strong>Cordubam</strong></span> <span class='ocrx_word' id='word_1_59' title='bbox 676 913 766 974; x_wconf 85' lang='lat' dir='ltr'><strong>infert</strong></span> <span class='ocrx_word' id='word_1_60' title='bbox 786 914 821 974; x_wconf 91' lang='lat' dir='ltr'><strong>ad</strong></span> <span class='ocrx_word' id='word_1_61' title='bbox 848 913 986 974; x_wconf 89' lang='lat' dir='ltr'><strong>auxilium</strong></span> <span class='ocrx_word' id='word_1_62' title='bbox 1008 912 1161 974; x_wconf 81' lang='lat' dir='ltr'><strong>terendum</strong></span> <span class='ocrx_word' id='word_1_63' title='bbox 1185 914 1284 992; x_wconf 90' lang='lat' dir='ltr'><strong>impe-</strong></span> 
     </span>
     <span class='ocr_line' id='line_1_9' title="bbox 167 996 1284 1076; baseline -0.002 -15"><span class='ocrx_word' id='word_1_64' title='bbox 167 999 295 1061; x_wconf 80' lang='lat' dir='ltr'><strong>traturi</strong></span> <span class='ocrx_word' id='word_1_65' title='bbox 324 1018 388 1061; x_wconf 87' lang='lat' dir='ltr'><strong>suo.</strong></span> <span class='ocrx_word' id='word_1_66' title='bbox 438 999 519 1060; x_wconf 80' lang='lat' dir='ltr'><strong>Facit</strong></span> <span class='ocrx_word' id='word_1_67' title='bbox 548 1001 605 1060; x_wconf 90' lang='lat' dir='ltr'><strong>hcc</strong></span> <span class='ocrx_word' id='word_1_68' title='bbox 635 999 712 1059; x_wconf 87' lang='lat' dir='ltr'><strong>idern</strong></span> <span class='ocrx_word' id='word_1_69' title='bbox 741 1018 799 1060; x_wconf 90' lang='lat' dir='ltr'><strong>xxr.</strong></span> <span class='ocrx_word' id='word_1_70' title='bbox 852 998 1048 1076; x_wconf 86' lang='lat' dir='ltr'><strong>Subsequitur</strong></span> <span class='ocrx_word' id='word_1_71' title='bbox 1076 999 1128 1058; x_wconf 91' lang='lat' dir='ltr'><strong>has</strong></span> <span class='ocrx_word' id='word_1_72' title='bbox 1148 1016 1174 1057; x_wconf 89' lang='lat' dir='ltr'><strong>v.</strong></span> <span class='ocrx_word' id='word_1_73' title='bbox 1206 996 1284 1059; x_wconf 86' lang='lat' dir='ltr'><strong>Cum</strong></span> 
     </span>
     <span class='ocr_line' id='line_1_10' title="bbox 206 1082 1285 1164; baseline -0.004 -17"><span class='ocrx_word' id='word_1_74' title='bbox 206 1086 281 1148; x_wconf 89' lang='lat' dir='ltr'><strong>duae</strong></span> <span class='ocrx_word' id='word_1_75' title='bbox 302 1085 435 1164; x_wconf 81' lang='lat' dir='ltr'><strong>legiones</strong></span> <span class='ocrx_word' id='word_1_76' title='bbox 463 1085 593 1163; x_wconf 91' lang='lat' dir='ltr'><strong>reliquae</strong></span> <span class='ocrx_word' id='word_1_77' title='bbox 615 1093 715 1145; x_wconf 89' lang='lat' dir='ltr'><strong>essent</strong></span> <span class='ocrx_word' id='word_1_78' title='bbox 737 1083 766 1144; x_wconf 92' lang='lat' dir='ltr'><strong>in</strong></span> <span class='ocrx_word' id='word_1_79' title='bbox 790 1085 909 1156; x_wconf 90' lang='lat' dir='ltr'><strong>castris,</strong></span> <span class='ocrx_word' id='word_1_80' title='bbox 939 1083 1102 1145; x_wconf 89' lang='lat' dir='ltr'><strong>secundani</strong></span> <span class='ocrx_word' id='word_1_81' title='bbox 1124 1082 1218 1154; x_wconf 90' lang='lat' dir='ltr'><strong>veriti,</strong></span> <span class='ocrx_word' id='word_1_82' title='bbox 1243 1102 1285 1144; x_wconf 85' lang='lat' dir='ltr'><strong>ne</strong></span> 
     </span>
     <span class='ocr_line' id='line_1_11' title="bbox 206 1169 1284 1250; baseline -0.002 -19"><span class='ocrx_word' id='word_1_83' title='bbox 206 1171 260 1232; x_wconf 94' lang='lat' dir='ltr'><strong>soli</strong></span> <span class='ocrx_word' id='word_1_84' title='bbox 283 1170 538 1250; x_wconf 83' lang='lat' dir='ltr'><strong>relinquerentur,</strong></span> <span class='ocrx_word' id='word_1_85' title='bbox 561 1179 649 1247; x_wconf 92' lang='lat' dir='ltr'><strong>atque</strong></span> <span class='ocrx_word' id='word_1_86' title='bbox 673 1188 709 1230; x_wconf 91' lang='lat' dir='ltr'><strong>ex</strong></span> <span class='ocrx_word' id='word_1_87' title='bbox 731 1188 777 1242; x_wconf 89' lang='lat' dir='ltr'><strong>eo,</strong></span> <span class='ocrx_word' id='word_1_88' title='bbox 800 1169 869 1248; x_wconf 92' lang='lat' dir='ltr'><strong>quid</strong></span> <span class='ocrx_word' id='word_1_89' title='bbox 892 1169 1062 1243; x_wconf 87' lang='lat' dir='ltr'><strong>sensissent,</strong></span> <span class='ocrx_word' id='word_1_90' title='bbox 1089 1169 1284 1243; x_wconf 91' lang='lat' dir='ltr'><strong>iudicaretur,</strong></span> 
     </span>
     <span class='ocr_line' id='line_1_12' title="bbox 205 1252 1283 1333; baseline -0.003 -16"><span class='ocrx_word' id='word_1_91' title='bbox 205 1255 298 1317; x_wconf 91' lang='lat' dir='ltr'><strong>secuti</strong></span> <span class='ocrx_word' id='word_1_92' title='bbox 321 1265 392 1316; x_wconf 91' lang='lat' dir='ltr'><strong>sunt</strong></span> <span class='ocrx_word' id='word_1_93' title='bbox 413 1255 523 1316; x_wconf 88' lang='lat' dir='ltr'><strong>iactum</strong></span> <span class='ocrx_word' id='word_1_94' title='bbox 550 1254 749 1333; x_wconf 85' lang='lat' dir='ltr'><strong>superiorum.</strong></span> <span class='ocrx_word' id='word_1_95' title='bbox 794 1253 958 1314; x_wconf 90' lang='lat' dir='ltr'><strong>Permansit</strong></span> <span class='ocrx_word' id='word_1_96' title='bbox 979 1254 1009 1314; x_wconf 94' lang='lat' dir='ltr'><strong>in</strong></span> <span class='ocrx_word' id='word_1_97' title='bbox 1033 1253 1180 1315; x_wconf 91' lang='lat' dir='ltr'><strong>sententia</strong></span> <span class='ocrx_word' id='word_1_98' title='bbox 1201 1252 1283 1332; x_wconf 91' lang='lat' dir='ltr'><strong>legio</strong></span> 
     </span>
     <span class='ocr_line' id='line_1_13' title="bbox 154 1337 1284 1417; baseline -0.003 -14"><span class='ocrx_word' id='word_1_99' title='bbox 154 1340 360 1403; x_wconf 70' lang='lat' dir='ltr'><strong>bivernacula</strong></span> <span class='ocrx_word' id='word_1_100' title='bbox 384 1359 438 1400; x_wconf 89' lang='lat' dir='ltr'><strong>nec</strong></span> <span class='ocrx_word' id='word_1_101' title='bbox 461 1338 521 1400; x_wconf 91' lang='lat' dir='ltr'><strong>ullo</strong></span> <span class='ocrx_word' id='word_1_102' title='bbox 549 1339 654 1400; x_wconf 92' lang='lat' dir='ltr'><strong>timore</strong></span> <span class='ocrx_word' id='word_1_103' title='bbox 678 1340 714 1400; x_wconf 90' lang='lat' dir='ltr'><strong>de</strong></span> <span class='ocrx_word' id='word_1_104' title='bbox 735 1339 827 1417; x_wconf 89' lang='lat' dir='ltr'><strong>gradu</strong></span> <span class='ocrx_word' id='word_1_105' title='bbox 850 1339 960 1399; x_wconf 89' lang='lat' dir='ltr'><strong>deiecta</strong></span> <span class='ocrx_word' id='word_1_106' title='bbox 983 1348 1035 1400; x_wconf 92' lang='lat' dir='ltr'><strong>est.</strong></span> <span class='ocrx_word' id='word_1_107' title='bbox 1080 1337 1196 1399; x_wconf 86' lang='lat' dir='ltr'><strong>Cassius</strong></span> <span class='ocrx_word' id='word_1_108' title='bbox 1218 1357 1284 1413; x_wconf 88' lang='lat' dir='ltr'><strong>cos,</strong></span> 
     </span>
     <span class='ocr_line' id='line_1_14' title="bbox 206 1422 1283 1504; baseline -0.001 -19"><span class='ocrx_word' id='word_1_109' title='bbox 206 1425 255 1504; x_wconf 95' lang='lat' dir='ltr'><strong>qui</strong></span> <span class='ocrx_word' id='word_1_110' title='bbox 273 1424 415 1484; x_wconf 90' lang='lat' dir='ltr'><strong>nominati</strong></span> <span class='ocrx_word' id='word_1_111' title='bbox 432 1433 516 1484; x_wconf 88' lang='lat' dir='ltr'><strong>erant</strong></span> <span class='ocrx_word' id='word_1_112' title='bbox 531 1423 641 1486; x_wconf 91' lang='lat' dir='ltr'><strong>conscii</strong></span> <span class='ocrx_word' id='word_1_113' title='bbox 659 1424 763 1497; x_wconf 88' lang='lat' dir='ltr'><strong>caedis,</strong></span> <span class='ocrx_word' id='word_1_114' title='bbox 785 1424 867 1485; x_wconf 93' lang='lat' dir='ltr'><strong>iubet</strong></span> <span class='ocrx_word' id='word_1_115' title='bbox 880 1423 1109 1503; x_wconf 88' lang='lat' dir='ltr'><strong>comprehendi;</strong></span> <span class='ocrx_word' id='word_1_116' title='bbox 1131 1422 1283 1502; x_wconf 80' lang='lat' dir='ltr'><strong>legionem</strong></span> 
     </span>
    </p>

    <p class='ocr_par' dir='ltr' id='par_1_3' title="bbox 170 1508 1284 1927">
     <span class='ocr_line' id='line_1_15' title="bbox 170 1508 1284 1570; baseline -0.001 -1"><span class='ocrx_word' id='word_1_117' title='bbox 170 1518 185 1569; x_wconf 85' lang='lat'>2</span> <span class='ocrx_word' id='word_1_118' title='bbox 205 1529 222 1569; x_wconf 83' lang='lat' dir='ltr'>v</span> <span class='ocrx_word' id='word_1_119' title='bbox 244 1509 274 1570; x_wconf 94' lang='lat' dir='ltr'><strong>in</strong></span> <span class='ocrx_word' id='word_1_120' title='bbox 298 1517 394 1570; x_wconf 89' lang='lat' dir='ltr'><strong>castra</strong></span> <span class='ocrx_word' id='word_1_121' title='bbox 422 1509 544 1569; x_wconf 89' lang='lat' dir='ltr'><strong>remittit</strong></span> <span class='ocrx_word' id='word_1_122' title='bbox 571 1509 743 1569; x_wconf 86' lang='lat' dir='ltr'><strong>cohortibus</strong></span> <span class='ocrx_word' id='word_1_123' title='bbox 763 1527 821 1569; x_wconf 93' lang='lat' dir='ltr'><strong>xxx</strong></span> <span class='ocrx_word' id='word_1_124' title='bbox 848 1509 980 1570; x_wconf 91' lang='lat' dir='ltr'><strong>retentis.</strong></span> <span class='ocrx_word' id='word_1_125' title='bbox 1024 1508 1136 1570; x_wconf 91' lang='lat' dir='ltr'><strong>lndicio</strong></span> <span class='ocrx_word' id='word_1_126' title='bbox 1159 1509 1284 1570; x_wconf 89' lang='lat' dir='ltr'><strong>Minucii</strong></span> 
     </span>
     <span class='ocr_line' id='line_1_16' title="bbox 208 1589 1280 1674; baseline -0.001 -19"><span class='ocrx_word' id='word_1_127' title='bbox 208 1593 360 1673; x_wconf 84' lang='lat' dir='ltr'><strong>cognoscit</strong></span> <span class='ocrx_word' id='word_1_128' title='bbox 383 1593 416 1655; x_wconf 87' lang='lat' dir='ltr'><strong>L.</strong></span> <span class='ocrx_word' id='word_1_129' title='bbox 439 1589 581 1654; x_wconf 84' lang='lat' dir='ltr'><strong>Riacilium</strong></span> <span class='ocrx_word' id='word_1_130' title='bbox 605 1603 634 1654; x_wconf 93' lang='lat' dir='ltr'><strong>et</strong></span> <span class='ocrx_word' id='word_1_131' title='bbox 649 1593 681 1654; x_wconf 90' lang='lat' dir='ltr'><strong>L.</strong></span> <span class='ocrx_word' id='word_1_132' title='bbox 705 1593 894 1655; x_wconf 87' lang='lat' dir='ltr'><strong>Laterensem</strong></span> <span class='ocrx_word' id='word_1_133' title='bbox 918 1604 948 1655; x_wconf 91' lang='lat' dir='ltr'><strong>et</strong></span> <span class='ocrx_word' id='word_1_134' title='bbox 962 1595 1091 1655; x_wconf 81' lang='lat' dir='ltr'><strong>Annium</strong></span> <span class='ocrx_word' id='word_1_135' title='bbox 1114 1595 1280 1674; x_wconf 86' lang='lat' dir='ltr'><strong>Scapulam,</strong></span> 
     </span>
     <span class='ocr_line' id='line_1_17' title="bbox 206 1678 1283 1759; baseline 0 -19"><span class='ocrx_word' id='word_1_136' title='bbox 206 1680 349 1741; x_wconf 90' lang='lat' dir='ltr'><strong>maximae</strong></span> <span class='ocrx_word' id='word_1_137' title='bbox 379 1678 528 1757; x_wconf 85' lang='lat' dir='ltr'><strong>dignitatis</strong></span> <span class='ocrx_word' id='word_1_138' title='bbox 553 1689 583 1740; x_wconf 87' lang='lat' dir='ltr'><strong>et</strong></span> <span class='ocrx_word' id='word_1_139' title='bbox 610 1679 719 1758; x_wconf 90' lang='lat' dir='ltr'><strong>gratiae</strong></span> <span class='ocrx_word' id='word_1_140' title='bbox 748 1679 954 1756; x_wconf 88' lang='lat' dir='ltr'><strong>provincialem</strong></span> <span class='ocrx_word' id='word_1_141' title='bbox 984 1680 1134 1739; x_wconf 91' lang='lat' dir='ltr'><strong>bominem</strong></span> <span class='ocrx_word' id='word_1_142' title='bbox 1164 1679 1283 1759; x_wconf 90' lang='lat' dir='ltr'><strong>sibique</strong></span> 
     </span>
     <span class='ocr_line' id='line_1_18' title="bbox 206 1762 1281 1842; baseline -0.002 -16"><span class='ocrx_word' id='word_1_143' title='bbox 206 1773 266 1826; x_wconf 92' lang='lat' dir='ltr'><strong>tam</strong></span> <span class='ocrx_word' id='word_1_144' title='bbox 288 1764 458 1826; x_wconf 89' lang='lat' dir='ltr'><strong>iamibarem</strong></span> <span class='ocrx_word' id='word_1_145' title='bbox 475 1783 562 1842; x_wconf 92' lang='lat' dir='ltr'><strong>quam</strong></span> <span class='ocrx_word' id='word_1_146' title='bbox 577 1764 767 1824; x_wconf 87' lang='lat' dir='ltr'><strong>Laterensem</strong></span> <span class='ocrx_word' id='word_1_147' title='bbox 791 1774 820 1823; x_wconf 91' lang='lat' dir='ltr'><strong>et</strong></span> <span class='ocrx_word' id='word_1_148' title='bbox 834 1762 989 1836; x_wconf 88' lang='lat' dir='ltr'><strong>Racilium,</strong></span> <span class='ocrx_word' id='word_1_149' title='bbox 1012 1764 1041 1825; x_wconf 93' lang='lat' dir='ltr'><strong>in</strong></span> <span class='ocrx_word' id='word_1_150' title='bbox 1067 1764 1169 1825; x_wconf 89' lang='lat' dir='ltr'><strong>eadem</strong></span> <span class='ocrx_word' id='word_1_151' title='bbox 1191 1765 1281 1826; x_wconf 78' lang='lat' dir='ltr'><strong>luisse</strong></span> 
     </span>
     <span class='ocr_line' id='line_1_19' title="bbox 208 1849 1281 1927; baseline -0.001 -17"><span class='ocrx_word' id='word_1_152' title='bbox 208 1849 415 1911; x_wconf 91' lang='lat' dir='ltr'><strong>coniuratione</strong></span> <span class='ocrx_word' id='word_1_153' title='bbox 430 1868 486 1911; x_wconf 90' lang='lat' dir='ltr'><strong>nec</strong></span> <span class='ocrx_word' id='word_1_154' title='bbox 508 1850 557 1911; x_wconf 93' lang='lat' dir='ltr'><strong>diu</strong></span> <span class='ocrx_word' id='word_1_155' title='bbox 574 1858 706 1910; x_wconf 93' lang='lat' dir='ltr'><strong>moratur</strong></span> <span class='ocrx_word' id='word_1_156' title='bbox 724 1849 857 1910; x_wconf 90' lang='lat' dir='ltr'><strong>dolorem</strong></span> <span class='ocrx_word' id='word_1_157' title='bbox 880 1867 976 1922; x_wconf 91' lang='lat' dir='ltr'><strong>suum,</strong></span> <span class='ocrx_word' id='word_1_158' title='bbox 1000 1849 1070 1927; x_wconf 92' lang='lat' dir='ltr'><strong>quin</strong></span> <span class='ocrx_word' id='word_1_159' title='bbox 1088 1869 1139 1910; x_wconf 92' lang='lat' dir='ltr'><strong>eos</strong></span> <span class='ocrx_word' id='word_1_160' title='bbox 1154 1849 1281 1911; x_wconf 84' lang='lat' dir='ltr'><strong>interfici</strong></span> 
     </span>
    </p>

    <p class='ocr_par' dir='ltr' id='par_1_4' title="bbox 170 1933 1283 2268">
     <span class='ocr_line' id='line_1_20' title="bbox 170 1933 1281 2014; baseline -0.003 -17"><span class='ocrx_word' id='word_1_161' title='bbox 170 1946 185 1996; x_wconf 81' lang='lat' dir='ltr'><strong>a</strong></span> <span class='ocrx_word' id='word_1_162' title='bbox 207 1935 315 1997; x_wconf 91' lang='lat' dir='ltr'><strong>iubeat.</strong></span> <span class='ocrx_word' id='word_1_163' title='bbox 345 1935 507 1996; x_wconf 90' lang='lat' dir='ltr'><strong>Minucium</strong></span> <span class='ocrx_word' id='word_1_164' title='bbox 522 1935 636 1997; x_wconf 87' lang='lat' dir='ltr'><strong>libertis</strong></span> <span class='ocrx_word' id='word_1_165' title='bbox 648 1933 737 1994; x_wconf 86' lang='lat' dir='ltr'><strong>tradit</strong></span> <span class='ocrx_word' id='word_1_166' title='bbox 751 1933 989 2005; x_wconf 85' lang='lat' dir='ltr'><strong>excruciandum,</strong></span> <span class='ocrx_word' id='word_1_167' title='bbox 1006 1933 1075 1994; x_wconf 89' lang='lat' dir='ltr'><strong>item</strong></span> <span class='ocrx_word' id='word_1_168' title='bbox 1088 1934 1281 2014; x_wconf 86' lang='lat' dir='ltr'><strong>Calpurnium</strong></span> 
     </span>
     <span class='ocr_line' id='line_1_21' title="bbox 209 2019 1282 2100; baseline -0.002 -19"><span class='ocrx_word' id='word_1_169' title='bbox 209 2020 392 2096; x_wconf 77' lang='lat' dir='ltr'><strong>Salvianum3</strong></span> <span class='ocrx_word' id='word_1_170' title='bbox 415 2020 466 2100; x_wconf 94' lang='lat' dir='ltr'><strong>qui</strong></span> <span class='ocrx_word' id='word_1_171' title='bbox 481 2022 638 2099; x_wconf 84' lang='lat' dir='ltr'><strong>profitetur</strong></span> <span class='ocrx_word' id='word_1_172' title='bbox 655 2019 796 2080; x_wconf 89' lang='lat' dir='ltr'><strong>indicium</strong></span> <span class='ocrx_word' id='word_1_173' title='bbox 819 2019 1100 2097; x_wconf 89' lang='lat' dir='ltr'><strong>coniuratorumque</strong></span> <span class='ocrx_word' id='word_1_174' title='bbox 1123 2038 1282 2081; x_wconf 90' lang='lat' dir='ltr'><strong>numerum</strong></span> 
     </span>
     <span class='ocr_line' id='line_1_22' title="bbox 209 2104 1283 2186; baseline 0 -20"><span class='ocrx_word' id='word_1_175' title='bbox 209 2116 313 2186; x_wconf 89' lang='lat' dir='ltr'><strong>auget,</strong></span> <span class='ocrx_word' id='word_1_176' title='bbox 346 2124 429 2178; x_wconf 90' lang='lat' dir='ltr'><strong>vere,</strong></span> <span class='ocrx_word' id='word_1_177' title='bbox 462 2114 496 2166; x_wconf 90' lang='lat' dir='ltr'><strong>ut</strong></span> <span class='ocrx_word' id='word_1_178' title='bbox 524 2105 641 2186; x_wconf 90' lang='lat' dir='ltr'><strong>quidam</strong></span> <span class='ocrx_word' id='word_1_179' title='bbox 671 2105 852 2178; x_wconf 90' lang='lat' dir='ltr'><strong>existimant,</strong></span> <span class='ocrx_word' id='word_1_180' title='bbox 887 2113 919 2164; x_wconf 91' lang='lat' dir='ltr'><strong>ut</strong></span> <span class='ocrx_word' id='word_1_181' title='bbox 949 2104 1085 2166; x_wconf 91' lang='lat' dir='ltr'><strong>nonnulli</strong></span> <span class='ocrx_word' id='word_1_182' title='bbox 1114 2114 1283 2183; x_wconf 86' lang='lat' dir='ltr'><strong>queruntur</strong></span> 
     </span>
     <span class='ocr_line' id='line_1_23' title="bbox 170 2189 1281 2268; baseline 0 -17"><span class='ocrx_word' id='word_1_183' title='bbox 170 2200 335 2253; x_wconf 87' lang='lat' dir='ltr'><strong>tcoactus.</strong></span> <span class='ocrx_word' id='word_1_184' title='bbox 380 2190 475 2252; x_wconf 89' lang='lat' dir='ltr'><strong>lsdem</strong></span> <span class='ocrx_word' id='word_1_185' title='bbox 502 2191 682 2252; x_wconf 91' lang='lat' dir='ltr'><strong>cruciatibus</strong></span> <span class='ocrx_word' id='word_1_186' title='bbox 708 2189 839 2251; x_wconf 86' lang='lat' dir='ltr'><strong>adlectus</strong></span> <span class='ocrx_word' id='word_1_187' title='bbox 861 2190 894 2251; x_wconf 90' lang='lat' dir='ltr'><strong>b.</strong></span> <span class='ocrx_word' id='word_1_188' title='bbox 917 2189 1055 2251; x_wconf 91' lang='lat' dir='ltr'><strong>Mereello</strong></span> <span class='ocrx_word' id='word_1_189' title='bbox 1149 2190 1281 2268; x_wconf 92' lang='lat' dir='ltr'><strong>Squillus</strong></span> 
     </span>
    </p>
   </div>
   <div class='ocr_carea' id='block_1_3' title="bbox 208 2355 1279 2886">
    <p class='ocr_par' dir='ltr' id='par_1_5' title="bbox 291 2355 904 2422">
     <span class='ocr_line' id='line_1_24' title="bbox 291 2355 904 2422; baseline -0.005 -11"><span class='ocrx_word' id='word_1_190' title='bbox 291 2355 337 2420; x_wconf 77' lang='lat'><strong>53,</strong></span> <span class='ocrx_word' id='word_1_191' title='bbox 355 2361 379 2410; x_wconf 81' lang='lat'><strong>5.</strong></span> <span class='ocrx_word' id='word_1_192' title='bbox 398 2357 527 2422; x_wconf 76' lang='lat' dir='ltr'><strong>legionem</strong></span> <span class='ocrx_word' id='word_1_193' title='bbox 545 2371 610 2410; x_wconf 75' lang='lat' dir='ltr'><strong>m</strong></span> <span class='ocrx_word' id='word_1_194' title='bbox 624 2355 666 2408; x_wconf 80' lang='lat' dir='ltr'><strong>Ut</strong></span> <span class='ocrx_word' id='word_1_195' title='bbox 752 2363 812 2408; x_wconf 83' lang='lat' dir='ltr'><strong>erat</strong></span> <span class='ocrx_word' id='word_1_196' title='bbox 827 2359 866 2407; x_wconf 87' lang='lat' dir='ltr'><strong>ibi</strong></span> <span class='ocrx_word' id='word_1_197' title='bbox 883 2355 904 2408; x_wconf 88' lang='grc' dir='ltr'><strong><em>Τ</em></strong></span> 
     </span>
    </p>

    <p class='ocr_par' dir='ltr' id='par_1_6' title="bbox 208 2422 1278 2557">
     <span class='ocr_line' id='line_1_25' title="bbox 293 2422 1278 2498; baseline -0.001 -21"><span class='ocrx_word' id='word_1_198' title='bbox 293 2422 338 2488; x_wconf 78' lang='lat'><strong>54,</strong></span> <span class='ocrx_word' id='word_1_199' title='bbox 358 2428 380 2477; x_wconf 94' lang='grc'><strong>1.</strong></span> <span class='ocrx_word' id='word_1_200' title='bbox 404 2424 573 2487; x_wconf 71' lang='lat' dir='ltr'><strong>[totoamtv</strong></span> <span class='ocrx_word' id='word_1_201' title='bbox 628 2427 651 2476; x_wconf 89' lang='grc'><strong>3.</strong></span> <span class='ocrx_word' id='word_1_202' title='bbox 669 2425 790 2490; x_wconf 83' lang='lat' dir='ltr'><strong>reliquae</strong></span> <span class='ocrx_word' id='word_1_203' title='bbox 807 2424 880 2487; x_wconf 81' lang='lat' dir='ltr'><strong>UFV,</strong></span> <span class='ocrx_word' id='word_1_204' title='bbox 897 2423 1014 2490; x_wconf 75' lang='lat' dir='ltr'><strong>reliq.&#39;l&#39;</strong></span> <span class='ocrx_word' id='word_1_205' title='bbox 1066 2425 1234 2482; x_wconf 82' lang='lat' dir='ltr'><strong>indicaretur</strong></span> <span class='ocrx_word' id='word_1_206' title='bbox 1250 2429 1278 2498; x_wconf 74' lang='grc' dir='ltr'>β,</span> 
     </span>
     <span class='ocr_line' id='line_1_26' title="bbox 208 2491 968 2557; baseline -0.001 -15"><span class='ocrx_word' id='word_1_207' title='bbox 208 2493 377 2543; x_wconf 83' lang='lat' dir='ltr'><strong>iudicaretur</strong></span> <span class='ocrx_word' id='word_1_208' title='bbox 394 2493 441 2542; x_wconf 83' lang='lat' dir='ltr'><strong>ruit</strong></span> <span class='ocrx_word' id='word_1_209' title='bbox 459 2492 635 2543; x_wconf 85' lang='lat' dir='ltr'><strong>seblecbteren</strong></span> <span class='ocrx_word' id='word_1_210' title='bbox 654 2491 793 2543; x_wconf 86' lang='lat' dir='ltr'><strong>llaodschr.</strong></span> <span class='ocrx_word' id='word_1_211' title='bbox 847 2495 931 2557; x_wconf 82' lang='lat' dir='ltr'><strong>ejecta</strong></span> <span class='ocrx_word' id='word_1_212' title='bbox 950 2491 968 2541; x_wconf 80' lang='lat' dir='ltr'><strong>t</strong></span> 
     </span>
    </p>

    <p class='ocr_par' dir='ltr' id='par_1_7' title="bbox 209 2558 1279 2886">
     <span class='ocr_line' id='line_1_27' title="bbox 293 2558 1201 2625; baseline -0.001 -13"><span class='ocrx_word' id='word_1_213' title='bbox 293 2560 339 2621; x_wconf 77' lang='lat' dir='ltr'><strong>bb,</strong></span> <span class='ocrx_word' id='word_1_214' title='bbox 359 2563 381 2612; x_wconf 90' lang='grc'><strong>1.</strong></span> <span class='ocrx_word' id='word_1_215' title='bbox 401 2561 424 2608; x_wconf 84' lang='lat' dir='ltr'><strong>le</strong></span> <span class='ocrx_word' id='word_1_216' title='bbox 444 2563 532 2611; x_wconf 83' lang='lat' dir='ltr'><strong>ionem</strong></span> <span class='ocrx_word' id='word_1_217' title='bbox 549 2558 580 2622; x_wconf 91' lang='lat' dir='ltr'><strong>U,</strong></span> <span class='ocrx_word' id='word_1_218' title='bbox 598 2561 687 2625; x_wconf 79' lang='lat' dir='ltr'><strong>legioii</strong></span> <span class='ocrx_word' id='word_1_219' title='bbox 705 2558 735 2623; x_wconf 85' lang='lat' dir='ltr'><strong>T,</strong></span> <span class='ocrx_word' id='word_1_220' title='bbox 755 2559 872 2624; x_wconf 82' lang='lat' dir='ltr'><strong>legiones</strong></span> <span class='ocrx_word' id='word_1_221' title='bbox 891 2558 931 2608; x_wconf 86' lang='lat' dir='ltr'><strong>FV</strong></span> <span class='ocrx_word' id='word_1_222' title='bbox 1001 2563 1024 2612; x_wconf 80' lang='grc'><strong>2.</strong></span> <span class='ocrx_word' id='word_1_223' title='bbox 1043 2560 1139 2612; x_wconf 80' lang='lat' dir='ltr'><strong>Minici</strong></span> <span class='ocrx_word' id='word_1_224' title='bbox 1155 2559 1201 2611; x_wconf 84' lang='lat' dir='ltr'><strong>TV</strong></span> 
     </span>
     <span class='ocr_line' id='line_1_28' title="bbox 209 2625 1279 2701; baseline 0.001 -20"><span class='ocrx_word' id='word_1_225' title='bbox 209 2631 233 2681; x_wconf 82' lang='lat'><strong>3.</strong></span> <span class='ocrx_word' id='word_1_226' title='bbox 252 2627 392 2680; x_wconf 80' lang='lat' dir='ltr'><strong>Minicium</strong></span> <span class='ocrx_word' id='word_1_227' title='bbox 437 2668 443 2690; x_wconf 91' lang='lat'><strong>,</strong></span> <span class='ocrx_word' id='word_1_228' title='bbox 469 2627 613 2678; x_wconf 80' lang='lat' dir='ltr'><strong>Munitium</strong></span> <span class='ocrx_word' id='word_1_229' title='bbox 637 2625 701 2678; x_wconf 83' lang='lat' dir='ltr'><strong>UFV</strong></span> <span class='ocrx_word' id='word_1_230' title='bbox 755 2627 792 2678; x_wconf 82' lang='lat' dir='ltr'><strong>ad</strong></span> <span class='ocrx_word' id='word_1_231' title='bbox 814 2627 1028 2678; x_wconf 82' lang='lat' dir='ltr'><strong>cruciandumV</strong></span> <span class='ocrx_word' id='word_1_232' title='bbox 1102 2631 1235 2682; x_wconf 81' lang='lat' dir='ltr'><strong>indictum</strong></span> <span class='ocrx_word' id='word_1_233' title='bbox 1251 2633 1279 2701; x_wconf 78' lang='grc' dir='ltr'>β,</span> 
     </span>
     <span class='ocr_line' id='line_1_29' title="bbox 209 2693 1212 2762; baseline 0.001 -15"><span class='ocrx_word' id='word_1_234' title='bbox 209 2698 339 2748; x_wconf 79' lang='lat' dir='ltr'><strong>indicium</strong></span> <span class='ocrx_word' id='word_1_235' title='bbox 433 2700 457 2748; x_wconf 84' lang='lat'><strong>4.</strong></span> <span class='ocrx_word' id='word_1_236' title='bbox 474 2697 559 2746; x_wconf 83' lang='lat' dir='ltr'><strong>Isdem</strong></span> <span class='ocrx_word' id='word_1_237' title='bbox 577 2695 653 2762; x_wconf 85' lang='lat' dir='ltr'><strong>UFV,</strong></span> <span class='ocrx_word' id='word_1_238' title='bbox 670 2695 738 2745; x_wconf 77' lang='lat' dir='ltr'><strong>adom</strong></span> <span class='ocrx_word' id='word_1_239' title='bbox 757 2693 778 2744; x_wconf 83' lang='grc' dir='ltr'>Τ</span> <span class='ocrx_word' id='word_1_240' title='bbox 850 2695 962 2758; x_wconf 73' lang='lat' dir='ltr'><strong>affectus</strong></span> <span class='ocrx_word' id='word_1_241' title='bbox 980 2694 1034 2758; x_wconf 80' lang='lat' dir='ltr'><strong>TV,</strong></span> <span class='ocrx_word' id='word_1_242' title='bbox 1051 2693 1154 2756; x_wconf 78' lang='lat' dir='ltr'><strong>adfecit</strong></span> <span class='ocrx_word' id='word_1_243' title='bbox 1170 2697 1212 2748; x_wconf 79' lang='lat' dir='ltr'><strong>Ut</strong></span> 
     </span>
     <span class='ocr_line' id='line_1_30' title="bbox 209 2760 1278 2884; baseline 0.002 -68"><span class='ocrx_word' id='word_1_244' title='bbox 209 2763 418 2884; x_wconf 52' lang='lat' dir='ltr'><strong>Mmilmtiffll’</strong></span> <span class='ocrx_word' id='word_1_245' title='bbox 437 2764 570 2816; x_wconf 77' lang='lat' dir='ltr'><strong>Marcellia</strong></span> <span class='ocrx_word' id='word_1_246' title='bbox 583 2762 615 2828; x_wconf 88' lang='lat' dir='ltr'><strong>V,</strong></span> <span class='ocrx_word' id='word_1_247' title='bbox 633 2762 684 2830; x_wconf 90' lang='lat' dir='ltr'><strong>vgl.</strong></span> <span class='ocrx_word' id='word_1_248' title='bbox 698 2764 738 2826; x_wconf 79' lang='lat'><strong>52,</strong></span> <span class='ocrx_word' id='word_1_249' title='bbox 756 2765 780 2814; x_wconf 88' lang='grc'><strong>4.</strong></span> <span class='ocrx_word' id='word_1_250' title='bbox 832 2760 885 2815; x_wconf 84' lang='lat' dir='ltr'><strong>Vor</strong></span> <span class='ocrx_word' id='word_1_251' title='bbox 899 2763 1018 2830; x_wconf 81' lang='lat' dir='ltr'><strong>Squillus</strong></span> <span class='ocrx_word' id='word_1_252' title='bbox 1030 2765 1120 2816; x_wconf 86' lang='lat' dir='ltr'><strong>nimmt</strong></span> <span class='ocrx_word' id='word_1_253' title='bbox 1131 2765 1278 2834; x_wconf 88' lang='lat' dir='ltr'><strong>Nipperdey</strong></span> 
     </span>
     <span class='ocr_line' id='line_1_31' title="bbox 209 2837 430 2886; baseline 0.009 -2"><span class='ocrx_word' id='word_1_254' title='bbox 209 2849 266 2885; x_wconf 89' lang='lat' dir='ltr'><strong>erue</strong></span> <span class='ocrx_word' id='word_1_255' title='bbox 304 2837 336 2884; x_wconf 86' lang='lat' dir='ltr'><strong>irc</strong></span> <span class='ocrx_word' id='word_1_256' title='bbox 355 2848 369 2884; x_wconf 93' lang='lat' dir='ltr'><strong>e</strong></span> <span class='ocrx_word' id='word_1_257' title='bbox 390 2848 430 2886; x_wconf 86' lang='lat' dir='ltr'><strong>sn.</strong></span> 
     </span>
    </p>
   </div>
   <div class='ocr_carea' id='block_1_4' title="bbox 207 2945 1281 3970">
    <p class='ocr_par' dir='ltr' id='par_1_8' title="bbox 209 2945 1281 3085">
     <span class='ocr_line' id='line_1_32' title="bbox 242 2945 1280 3018; baseline -0.002 -12"><span class='ocrx_word' id='word_1_258' title='bbox 242 2957 266 3006; x_wconf 80' lang='grc'><strong>5.</strong></span> <span class='ocrx_word' id='word_1_259' title='bbox 284 2951 330 3003; x_wconf 87' lang='lat' dir='ltr'><strong>Die</strong></span> <span class='ocrx_word' id='word_1_260' title='bbox 353 2951 445 3002; x_wconf 82' lang='lat' dir='ltr'><strong>aweite</strong></span> <span class='ocrx_word' id='word_1_261' title='bbox 463 2950 558 3014; x_wconf 88' lang='lat' dir='ltr'><strong>Legion</strong></span> <span class='ocrx_word' id='word_1_262' title='bbox 577 2951 651 3002; x_wconf 87' lang='lat' dir='ltr'><strong>stand</strong></span> <span class='ocrx_word' id='word_1_263' title='bbox 669 2951 719 3002; x_wconf 91' lang='lat' dir='ltr'><strong>seit</strong></span> <span class='ocrx_word' id='word_1_264' title='bbox 770 2945 882 3018; x_wconf 77' lang='lat' dir='ltr'><strong>ginger’,</strong></span> <span class='ocrx_word' id='word_1_265' title='bbox 895 2950 961 3002; x_wconf 91' lang='lat' dir='ltr'><strong>docb</strong></span> <span class='ocrx_word' id='word_1_266' title='bbox 971 2951 1005 3003; x_wconf 88' lang='lat' dir='ltr'><strong>ist</strong></span> <span class='ocrx_word' id='word_1_267' title='bbox 1014 2951 1059 3003; x_wconf 89' lang='lat' dir='ltr'><strong>der</strong></span> <span class='ocrx_word' id='word_1_268' title='bbox 1066 2951 1200 3003; x_wconf 82' lang='lat' dir='ltr'><strong>Ausdruclr</strong></span> <span class='ocrx_word' id='word_1_269' title='bbox 1211 2952 1280 3004; x_wconf 88' lang='lat' dir='ltr'><strong>nicht</strong></span> 
     </span>
     <span class='ocr_line' id='line_1_33' title="bbox 209 3018 1281 3085; baseline -0.001 -12"><span class='ocrx_word' id='word_1_270' title='bbox 209 3023 242 3073; x_wconf 82' lang='lat'><strong>54</strong></span> <span class='ocrx_word' id='word_1_271' title='bbox 254 3036 278 3071; x_wconf 84' lang='lat' dir='ltr'><strong>v.</strong></span> <span class='ocrx_word' id='word_1_272' title='bbox 292 3020 349 3073; x_wconf 82' lang='lat' dir='ltr'><strong>Cbr.</strong></span> <span class='ocrx_word' id='word_1_273' title='bbox 361 3020 387 3071; x_wconf 93' lang='lat' dir='ltr'><strong>in</strong></span> <span class='ocrx_word' id='word_1_274' title='bbox 400 3018 519 3084; x_wconf 86' lang='lat' dir='ltr'><strong>Spanien.</strong></span> <span class='ocrx_word' id='word_1_275' title='bbox 771 3036 799 3072; x_wconf 89' lang='lat' dir='ltr'><strong>so</strong></span> <span class='ocrx_word' id='word_1_276' title='bbox 812 3020 885 3085; x_wconf 92' lang='lat' dir='ltr'><strong>glatt,</strong></span> <span class='ocrx_word' id='word_1_277' title='bbox 898 3021 947 3071; x_wconf 85' lang='lat' dir='ltr'><strong>wie</strong></span> <span class='ocrx_word' id='word_1_278' title='bbox 961 3035 988 3071; x_wconf 88' lang='lat' dir='ltr'><strong>es</strong></span> <span class='ocrx_word' id='word_1_279' title='bbox 1001 3035 1049 3072; x_wconf 89' lang='lat' dir='ltr'><strong>uns</strong></span> <span class='ocrx_word' id='word_1_280' title='bbox 1061 3020 1124 3071; x_wconf 88' lang='lat' dir='ltr'><strong>nacb</strong></span> <span class='ocrx_word' id='word_1_281' title='bbox 1138 3019 1196 3071; x_wconf 89' lang='lat' dir='ltr'><strong>dem</strong></span> <span class='ocrx_word' id='word_1_282' title='bbox 1206 3019 1281 3072; x_wconf 87' lang='lat' dir='ltr'><strong>Deut-</strong></span> 
     </span>
    </p>

    <p class='ocr_par' dir='ltr' id='par_1_9' title="bbox 207 3086 1279 3901">
     <span class='ocr_line' id='line_1_34' title="bbox 241 3086 1279 3154; baseline 0.003 -17"><span class='ocrx_word' id='word_1_283' title='bbox 241 3091 337 3154; x_wconf 81' lang='lat' dir='ltr'><strong>paucis</strong></span> <span class='ocrx_word' id='word_1_284' title='bbox 348 3086 539 3150; x_wconf 83' lang='lat' dir='ltr'><strong>mensibusvgl.</strong></span> <span class='ocrx_word' id='word_1_285' title='bbox 552 3089 592 3149; x_wconf 81' lang='grc'>53,</span> <span class='ocrx_word' id='word_1_286' title='bbox 603 3090 625 3140; x_wconf 82' lang='grc'><strong>5.</strong></span> <span class='ocrx_word' id='word_1_287' title='bbox 635 3091 719 3153; x_wconf 81' lang='lat' dir='ltr'><strong>scrip·</strong></span> <span class='ocrx_word' id='word_1_288' title='bbox 770 3088 848 3140; x_wconf 85' lang='lat' dir='ltr'><strong>seben</strong></span> <span class='ocrx_word' id='word_1_289' title='bbox 865 3088 986 3140; x_wconf 86' lang='lat' dir='ltr'><strong>sclteinen</strong></span> <span class='ocrx_word' id='word_1_290' title='bbox 1003 3087 1106 3140; x_wconf 79' lang='lat' dir='ltr'><strong>kdnnte.</strong></span> <span class='ocrx_word' id='word_1_291' title='bbox 1120 3117 1152 3126; x_wconf 89' lang='lat'><em>-</em></span> <span class='ocrx_word' id='word_1_292' title='bbox 1165 3103 1213 3138; x_wconf 85' lang='lat' dir='ltr'><strong>uec</strong></span> <span class='ocrx_word' id='word_1_293' title='bbox 1224 3090 1279 3140; x_wconf 86' lang='lat' dir='ltr'><strong>ullo</strong></span> 
     </span>
     <span class='ocr_line' id='line_1_35' title="bbox 210 3155 924 3222; baseline 0.003 -16"><span class='ocrx_word' id='word_1_294' title='bbox 210 3161 250 3206; x_wconf 82' lang='lat' dir='ltr'><strong>tae</strong></span> <span class='ocrx_word' id='word_1_295' title='bbox 276 3159 339 3206; x_wconf 83' lang='lat' dir='ltr'><strong>ststt</strong></span> <span class='ocrx_word' id='word_1_296' title='bbox 363 3155 407 3206; x_wconf 88' lang='lat' dir='ltr'><strong>des</strong></span> <span class='ocrx_word' id='word_1_297' title='bbox 435 3155 629 3221; x_wconf 77' lang='lat' dir='ltr'><strong>gewetottctren</strong></span> <span class='ocrx_word' id='word_1_298' title='bbox 654 3158 719 3208; x_wconf 83' lang='lat' dir='ltr'><strong>Aus-</strong></span> <span class='ocrx_word' id='word_1_299' title='bbox 769 3157 821 3222; x_wconf 87' lang='lat' dir='ltr'><strong>vgl.</strong></span> <span class='ocrx_word' id='word_1_300' title='bbox 842 3159 882 3218; x_wconf 89' lang='grc'>10,</span> <span class='ocrx_word' id='word_1_301' title='bbox 900 3158 924 3208; x_wconf 87' lang='lat'><strong>3.</strong></span> 
     </span>
     <span class='ocr_line' id='line_1_36' title="bbox 208 3221 1278 3290; baseline 0.002 -17"><span class='ocrx_word' id='word_1_302' title='bbox 208 3222 317 3275; x_wconf 83' lang='lat' dir='ltr'><strong>drucltes</strong></span> <span class='ocrx_word' id='word_1_303' title='bbox 336 3229 505 3288; x_wconf 80' lang='lat' dir='ltr'><strong>eameriptos.</strong></span> <span class='ocrx_word' id='word_1_304' title='bbox 542 3221 598 3288; x_wconf 87' lang='lat' dir='ltr'><strong>Vgl.</strong></span> <span class='ocrx_word' id='word_1_305' title='bbox 616 3224 667 3275; x_wconf 85' lang='lat' dir='ltr'><strong>Cic.</strong></span> <span class='ocrx_word' id='word_1_306' title='bbox 686 3224 718 3275; x_wconf 90' lang='lat' dir='ltr'><strong>ad</strong></span> <span class='ocrx_word' id='word_1_307' title='bbox 804 3226 837 3275; x_wconf 84' lang='lat' dir='ltr'><strong>de</strong></span> <span class='ocrx_word' id='word_1_308' title='bbox 865 3225 957 3290; x_wconf 81' lang='lat' dir='ltr'><strong>gradu</strong></span> <span class='ocrx_word' id='word_1_309' title='bbox 986 3224 1088 3274; x_wconf 86' lang='lat' dir='ltr'><strong>deiecto</strong></span> <span class='ocrx_word' id='word_1_310' title='bbox 1113 3229 1152 3275; x_wconf 84' lang='lat' dir='ltr'><strong>ert</strong></span> <span class='ocrx_word' id='word_1_311' title='bbox 1177 3224 1211 3275; x_wconf 87' lang='lat' dir='ltr'><strong>ist</strong></span> <span class='ocrx_word' id='word_1_312' title='bbox 1238 3225 1278 3275; x_wconf 87' lang='lat' dir='ltr'><strong>ein</strong></span> 
     </span>
     <span class='ocr_line' id='line_1_37' title="bbox 208 3289 1279 3358; baseline 0.002 -16"><span class='ocrx_word' id='word_1_313' title='bbox 208 3291 277 3343; x_wconf 76' lang='lat' dir='ltr'><strong>Fam.</strong></span> <span class='ocrx_word' id='word_1_314' title='bbox 288 3294 311 3356; x_wconf 93' lang='grc'>3,</span> <span class='ocrx_word' id='word_1_315' title='bbox 321 3293 345 3354; x_wconf 87' lang='grc'>3,</span> <span class='ocrx_word' id='word_1_316' title='bbox 357 3294 369 3344; x_wconf 92' lang='grc'>1</span> <span class='ocrx_word' id='word_1_317' title='bbox 380 3296 412 3342; x_wconf 85' lang='lat' dir='ltr'><strong>ut</strong></span> <span class='ocrx_word' id='word_1_318' title='bbox 421 3296 451 3341; x_wconf 84' lang='lat' dir='ltr'><strong>tu</strong></span> <span class='ocrx_word' id='word_1_319' title='bbox 463 3291 544 3342; x_wconf 82' lang='lat' dir='ltr'><strong>Italia</strong></span> <span class='ocrx_word' id='word_1_320' title='bbox 555 3292 719 3358; x_wconf 81' lang='lat' dir='ltr'><strong>supplemen—</strong></span> <span class='ocrx_word' id='word_1_321' title='bbox 770 3289 1017 3355; x_wconf 86' lang='lat' dir='ltr'><strong>Fechterausdruclt,</strong></span> <span class='ocrx_word' id='word_1_322' title='bbox 1041 3290 1086 3342; x_wconf 86' lang='lat' dir='ltr'><strong>der</strong></span> <span class='ocrx_word' id='word_1_323' title='bbox 1108 3291 1146 3343; x_wconf 88' lang='lat' dir='ltr'><strong>oit</strong></span> <span class='ocrx_word' id='word_1_324' title='bbox 1163 3292 1189 3342; x_wconf 91' lang='lat' dir='ltr'><strong>in</strong></span> <span class='ocrx_word' id='word_1_325' title='bbox 1206 3293 1279 3344; x_wconf 77' lang='lat' dir='ltr'><strong>riber-</strong></span> 
     </span>
     <span class='ocr_line' id='line_1_38' title="bbox 208 3358 1277 3425; baseline 0.003 -16"><span class='ocrx_word' id='word_1_326' title='bbox 208 3365 265 3410; x_wconf 86' lang='lat' dir='ltr'><strong>tum</strong></span> <span class='ocrx_word' id='word_1_327' title='bbox 282 3397 309 3410; x_wconf 93' lang='lat'><strong>..</strong></span> <span class='ocrx_word' id='word_1_328' title='bbox 326 3362 494 3410; x_wconf 69' lang='lat' dir='ltr'><strong>imbuetur.</strong></span> <span class='ocrx_word' id='word_1_329' title='bbox 530 3358 591 3411; x_wconf 81' lang='lat' dir='ltr'><strong>Ssll.</strong></span> <span class='ocrx_word' id='word_1_330' title='bbox 604 3359 662 3425; x_wconf 90' lang='lat' dir='ltr'><strong>Jng.</strong></span> <span class='ocrx_word' id='word_1_331' title='bbox 676 3362 717 3423; x_wconf 86' lang='lat'><strong>39,</strong></span> <span class='ocrx_word' id='word_1_332' title='bbox 769 3358 1196 3425; x_wconf 82' lang='lat' dir='ltr'><strong>tragenerBedeutunggebraucbt</strong></span> <span class='ocrx_word' id='word_1_333' title='bbox 1208 3361 1277 3412; x_wconf 88' lang='lat' dir='ltr'><strong>wird.</strong></span> 
     </span>
     <span class='ocr_line' id='line_1_39' title="bbox 209 3426 1143 3493; baseline -0.002 -12"><span class='ocrx_word' id='word_1_334' title='bbox 209 3431 236 3488; x_wconf 75' lang='lat'><strong>23</strong></span> <span class='ocrx_word' id='word_1_335' title='bbox 256 3430 297 3492; x_wconf 83' lang='grc'>43,</span> <span class='ocrx_word' id='word_1_336' title='bbox 315 3429 339 3478; x_wconf 89' lang='grc'><strong>3.</strong></span> <span class='ocrx_word' id='word_1_337' title='bbox 368 3427 412 3478; x_wconf 85' lang='lat' dir='ltr'><strong>Die</strong></span> <span class='ocrx_word' id='word_1_338' title='bbox 431 3428 484 3478; x_wconf 91' lang='lat' dir='ltr'><strong>bier</strong></span> <span class='ocrx_word' id='word_1_339' title='bbox 502 3434 645 3492; x_wconf 86' lang='lat' dir='ltr'><strong>genaooten</strong></span> <span class='ocrx_word' id='word_1_340' title='bbox 663 3429 718 3480; x_wconf 83' lang='lat' dir='ltr'><strong>vier</strong></span> <span class='ocrx_word' id='word_1_341' title='bbox 769 3426 826 3493; x_wconf 85' lang='lat' dir='ltr'><strong>Vgl.</strong></span> <span class='ocrx_word' id='word_1_342' title='bbox 845 3430 886 3492; x_wconf 81' lang='grc'>16,</span> <span class='ocrx_word' id='word_1_343' title='bbox 905 3427 1026 3492; x_wconf 73' lang='lat' dir='ltr'><strong>igr-adu</strong></span> <span class='ocrx_word' id='word_1_344' title='bbox 1043 3427 1143 3490; x_wconf 86' lang='lat' dir='ltr'><strong>pulsae.</strong></span> 
     </span>
     <span class='ocr_line' id='line_1_40' title="bbox 208 3495 1278 3562; baseline 0.001 -15"><span class='ocrx_word' id='word_1_345' title='bbox 208 3496 337 3562; x_wconf 84' lang='lat' dir='ltr'><strong>Legionen</strong></span> <span class='ocrx_word' id='word_1_346' title='bbox 349 3495 405 3548; x_wconf 89' lang='lat' dir='ltr'><strong>sind</strong></span> <span class='ocrx_word' id='word_1_347' title='bbox 418 3495 557 3558; x_wconf 88' lang='lat' dir='ltr'><strong>dieselben,</strong></span> <span class='ocrx_word' id='word_1_348' title='bbox 572 3510 623 3547; x_wconf 85' lang='lat' dir='ltr'><strong>ron</strong></span> <span class='ocrx_word' id='word_1_349' title='bbox 636 3495 716 3547; x_wconf 87' lang='lat' dir='ltr'><strong>denen</strong></span> <span class='ocrx_word' id='word_1_350' title='bbox 801 3495 847 3559; x_wconf 75' lang='lat'><strong>55,</strong></span> <span class='ocrx_word' id='word_1_351' title='bbox 860 3497 884 3546; x_wconf 78' lang='grc'><strong>2.</strong></span> <span class='ocrx_word' id='word_1_352' title='bbox 903 3511 951 3544; x_wconf 83' lang='lat' dir='ltr'><strong>nce</strong></span> <span class='ocrx_word' id='word_1_353' title='bbox 967 3495 1015 3545; x_wconf 82' lang='lat' dir='ltr'><strong>diu</strong></span> <span class='ocrx_word' id='word_1_354' title='bbox 1026 3501 1149 3546; x_wconf 84' lang='lat' dir='ltr'><strong>moratur</strong></span> <span class='ocrx_word' id='word_1_355' title='bbox 1162 3496 1278 3548; x_wconf 85' lang='lat' dir='ltr'><strong>dolorem</strong></span> 
     </span>
     <span class='ocr_line' id='line_1_41' title="bbox 209 3556 1278 3629; baseline 0.001 -14"><span class='ocrx_word' id='word_1_356' title='bbox 209 3564 285 3615; x_wconf 75' lang='lat' dir='ltr'><strong>Gisar</strong></span> <span class='ocrx_word' id='word_1_357' title='bbox 303 3566 380 3629; x_wconf 57' lang='lat'><strong>221,</strong></span> <span class='ocrx_word' id='word_1_358' title='bbox 394 3566 409 3616; x_wconf 95' lang='grc'>3</span> <span class='ocrx_word' id='word_1_359' title='bbox 421 3563 507 3629; x_wconf 90' lang='lat' dir='ltr'><strong>sprict.</strong></span> <span class='ocrx_word' id='word_1_360' title='bbox 540 3562 582 3614; x_wconf 83' lang='lat' dir='ltr'><strong>[lie</strong></span> <span class='ocrx_word' id='word_1_361' title='bbox 594 3563 717 3615; x_wconf 81' lang='lat' dir='ltr'><strong>Aomerlr·</strong></span> <span class='ocrx_word' id='word_1_362' title='bbox 767 3556 1227 3628; x_wconf 78' lang='lat' dir='ltr'><strong>suum=‘erlitstdenScbmerc(der</strong></span> <span class='ocrx_word' id='word_1_363' title='bbox 1236 3579 1278 3616; x_wconf 80' lang='lat' dir='ltr'><strong>zur</strong></span> 
     </span>
     <span class='ocr_line' id='line_1_42' title="bbox 207 3627 1279 3697; baseline 0.002 -14"><span class='ocrx_word' id='word_1_364' title='bbox 207 3647 260 3697; x_wconf 88' lang='lat' dir='ltr'><strong>ung</strong></span> <span class='ocrx_word' id='word_1_365' title='bbox 272 3647 323 3683; x_wconf 86' lang='lat' dir='ltr'><strong>ron</strong></span> <span class='ocrx_word' id='word_1_366' title='bbox 335 3631 555 3683; x_wconf 77' lang='lat' dir='ltr'><strong>Macer-Holmon</strong></span> <span class='ocrx_word' id='word_1_367' title='bbox 567 3647 599 3683; x_wconf 84' lang='lat' dir='ltr'><strong>au</strong></span> <span class='ocrx_word' id='word_1_368' title='bbox 611 3632 718 3697; x_wconf 85' lang='lat' dir='ltr'><strong>letztge-</strong></span> <span class='ocrx_word' id='word_1_369' title='bbox 768 3631 853 3682; x_wconf 84' lang='lat' dir='ltr'><strong>Ruebe</strong></span> <span class='ocrx_word' id='word_1_370' title='bbox 871 3631 971 3695; x_wconf 80' lang='lat' dir='ltr'><strong>dringt)</strong></span> <span class='ocrx_word' id='word_1_371' title='bbox 989 3631 1058 3681; x_wconf 89' lang='lat' dir='ltr'><strong>nicht</strong></span> <span class='ocrx_word' id='word_1_372' title='bbox 1075 3631 1150 3697; x_wconf 87' lang='lat' dir='ltr'><strong>lange</strong></span> <span class='ocrx_word' id='word_1_373' title='bbox 1165 3627 1279 3685; x_wconf 85' lang='lat' dir='ltr'><strong>warten&#39;.</strong></span> 
     </span>
     <span class='ocr_line' id='line_1_43' title="bbox 208 3699 1164 3752; baseline 0.002 -3"><span class='ocrx_word' id='word_1_374' title='bbox 208 3705 316 3752; x_wconf 87' lang='lat' dir='ltr'><strong>nannter</strong></span> <span class='ocrx_word' id='word_1_375' title='bbox 334 3699 413 3752; x_wconf 87' lang='lat' dir='ltr'><strong>Stelle</strong></span> <span class='ocrx_word' id='word_1_376' title='bbox 432 3701 465 3751; x_wconf 90' lang='lat' dir='ltr'><strong>ist</strong></span> <span class='ocrx_word' id='word_1_377' title='bbox 483 3699 563 3750; x_wconf 86' lang='lat' dir='ltr'><strong>ialscb</strong></span> <span class='ocrx_word' id='word_1_378' title='bbox 582 3699 635 3751; x_wconf 91' lang='lat' dir='ltr'><strong>und</strong></span> <span class='ocrx_word' id='word_1_379' title='bbox 652 3700 718 3752; x_wconf 80' lang='lat' dir='ltr'><strong>mule</strong></span> <span class='ocrx_word' id='word_1_380' title='bbox 803 3702 827 3752; x_wconf 86' lang='lat'><strong>3.</strong></span> <span class='ocrx_word' id='word_1_381' title='bbox 847 3700 949 3748; x_wconf 81' lang='lat' dir='ltr'><strong>libertis</strong></span> <span class='ocrx_word' id='word_1_382' title='bbox 966 3721 999 3742; x_wconf 60' lang='grc' dir='ltr'>π</span> <span class='ocrx_word' id='word_1_383' title='bbox 1018 3700 1164 3752; x_wconf 78' lang='lat' dir='ltr'><strong>lictoribus.</strong></span> 
     </span>
     <span class='ocr_line' id='line_1_44' title="bbox 208 3766 1278 3834; baseline 0.004 -18"><span class='ocrx_word' id='word_1_384' title='bbox 208 3767 271 3817; x_wconf 89' lang='lat' dir='ltr'><strong>nach</strong></span> <span class='ocrx_word' id='word_1_385' title='bbox 299 3766 379 3819; x_wconf 84' lang='lat' dir='ltr'><strong>Stolie</strong></span> <span class='ocrx_word' id='word_1_386' title='bbox 403 3767 423 3818; x_wconf 96' lang='lat' dir='ltr'><strong>ll</strong></span> <span class='ocrx_word' id='word_1_387' title='bbox 445 3784 470 3834; x_wconf 92' lang='lat' dir='ltr'><strong>p.</strong></span> <span class='ocrx_word' id='word_1_388' title='bbox 499 3767 549 3819; x_wconf 81' lang='lat'><strong>284</strong></span> <span class='ocrx_word' id='word_1_389' title='bbox 575 3768 718 3820; x_wconf 87' lang='lat' dir='ltr'><strong>verbessert</strong></span> <span class='ocrx_word' id='word_1_390' title='bbox 801 3768 945 3833; x_wconf 71' lang='lat' dir='ltr'><strong>profitetur·</strong></span> <span class='ocrx_word' id='word_1_391' title='bbox 969 3767 1113 3818; x_wconf 83' lang='lat' dir='ltr'><strong>iudicium.-</strong></span> <span class='ocrx_word' id='word_1_392' title='bbox 1138 3783 1164 3819; x_wconf 89' lang='lat' dir='ltr'><strong>er</strong></span> <span class='ocrx_word' id='word_1_393' title='bbox 1186 3767 1278 3820; x_wconf 76' lang='lat' dir='ltr'><strong>erklirt</strong></span> 
     </span>
     <span class='ocr_line' id='line_1_45' title="bbox 208 3833 1279 3901; baseline 0.005 -18"><span class='ocrx_word' id='word_1_394' title='bbox 208 3833 320 3887; x_wconf 87' lang='lat' dir='ltr'><strong>werden.</strong></span> <span class='ocrx_word' id='word_1_395' title='bbox 768 3835 1279 3901; x_wconf 76' lang='lat' dir='ltr'><strong>sicbaneinerovollstindigenGestdnd·</strong></span> 
     </span>
    </p>

    <p class='ocr_par' dir='ltr' id='par_1_10' title="bbox 577 3901 1279 3970">
     <span class='ocr_line' id='line_1_46' title="bbox 577 3901 1279 3970; baseline 0.007 -18"><span class='ocrx_word' id='word_1_396' title='bbox 577 3901 583 3916; x_wconf 81' lang='lat'>⁸</span> <span class='ocrx_word' id='word_1_397' title='bbox 768 3902 1136 3970; x_wconf 80' lang='lat' dir='ltr'><strong>nissebereit,vgl.Salllug.</strong></span> <span class='ocrx_word' id='word_1_398' title='bbox 1149 3906 1279 3968; x_wconf 64' lang='lat' dir='ltr'><strong>suune.</strong></span> 
     </span>
    </p>
   </div>
   <div class='ocr_carea' id='block_1_5' title="bbox 0 0 1434 4572">
    <p class='ocr_par' dir='ltr' id='par_1_11' title="bbox 0 0 1434 4572">
     <span class='ocr_line' id='line_1_47' title="bbox 0 0 1434 4572; baseline 0 1"><span class='ocrx_word' id='word_1_399' title='bbox 0 0 1434 4572; x_wconf 95' lang='lat' dir='ltr'><strong> </strong></span> 
     </span>
    </p>
   </div>
  </div>
 </body>
</html>
