2860 4572
590 301 697 354 CAPUT
718 307 757 357 19.
1116 346 1123 358 .
1168 299 1206 360 15

135 494 276 541 concessa
306 476 435 538 aedilicia
461 474 548 554 diripi
576 475 660 537 iussit
688 474 898 554 castellumque
925 475 960 535 ad
989 483 1128 555 pontem,
1156 476 1208 553 qui

135 564 259 643 propior
286 571 350 624 erat
372 561 483 633 Pharo,
511 561 703 622 communivit
728 569 816 639 atque
838 560 878 620 ibi
900 559 1078 640 praesidium
1100 561 1207 639 posuit.

136 649 224 709 Hunc
253 648 322 726 fuga
344 645 479 708 Pharitae
506 646 702 725 reliquerant3
731 645 883 706 fortiorem
911 645 994 706 illum
1022 647 1245 726 propiorem-t

137 751 196 812 quc
229 733 336 812 oppido
369 731 559 793 Alexandrini
592 728 763 791 tuebantur.
817 729 874 790 Sed
908 749 975 791 eum
1007 740 1127 810 postero
1159 731 1207 792 die

137 819 222 880 simili
251 819 365 879 ratione
394 816 580 895 adgreditur,
608 815 687 894 quod
717 815 763 876 bis
791 815 920 876 obtentis
946 814 1062 876 duobus
1087 833 1207 877 omnem

140 903 318 980 navigiorum
342 918 498 963 excursum
522 911 551 961 et
572 900 728 979 repentina
744 899 896 960 latrocinia
913 899 1061 961 sublatum
1077 901 1112 962 iri
1128 901 1206 962 vide-

136 987 195 1048 bat.
239 987 359 1067 lamque
382 1004 450 1059 eos,
481 987 530 1065 qui
559 985 705 1065 praesidio
735 1003 802 1047 eum
831 985 929 1045 locum
958 986 1116 1061 tenebant,
1146 995 1247 1047 tor-t

134 1073 241 1134 mentis
270 1091 305 1133 er
335 1071 458 1134 navibus
490 1071 661 1150 sagittisque
694 1070 847 1149 depulerat
879 1079 966 1149 atque
999 1070 1029 1130 in
1064 1072 1205 1150 oppidum

132 1158 289 1238 redegerat
311 1165 340 1219 et
362 1157 527 1218 cohortium
551 1155 640 1216 trium
663 1155 757 1216 instar
770 1155 801 1216 in
817 1164 925 1217 terram
941 1165 1116 1234 exposuerat
1130 1153 1205 1238 (non

133 1243 213 1304 enirn
240 1244 342 1323 plures
371 1241 533 1302 consistere
561 1239 712 1318 angustiae
741 1240 798 1302 loci
827 1235 1045 1320 patiebantur);
1075 1241 1206 1319 reliquae

132 1329 237 1408 copiae
264 1328 295 1388 in
325 1327 448 1388 navibus
475 1326 632 1388 stationem
661 1325 845 1386 obtinebant.
889 1325 955 1396 Quo
984 1327 1060 1387 facto
1083 1326 1246 1404 imperati

132 1422 256 1494 pontem
287 1413 425 1473 adversus
454 1412 568 1473 bostem
596 1411 768 1489 praevallari
797 1420 841 1484 at,
875 1429 932 1489 qua
961 1410 1055 1472 exitus
1084 1411 1206 1472 naribus

133 1506 197 1559 erat
224 1497 339 1559 fornice
368 1504 532 1568 exstructo,
562 1514 620 1574 quo
643 1514 720 1575 pons
742 1495 955 1569 sustinebatur,
983 1495 1130 1575 lapidibus
1153 1515 1206 1575 op-

132 1583 208 1664 pleri
230 1593 318 1661 atque
342 1582 465 1643 obstrui.
511 1581 644 1652 Quorum
674 1580 765 1642 altero
795 1599 886 1660 opere
915 1581 1035 1654 allecto,
1064 1590 1097 1642 ut
1123 1581 1242 1642 nullae

133 1669 257 1729 omnino
285 1667 392 1746 scapha
416 1667 515 1746 egredi
537 1675 654 1745 posset,
682 1666 774 1727 altero
797 1667 933 1727 instituto
955 1685 1060 1728 omnes
1081 1667 1205 1728 Alexan·

132 1754 288 1815 drinorum
312 1753 413 1832 copiae
436 1769 471 1812 ex
494 1751 603 1831 oppido
625 1769 657 1812 se
680 1751 834 1812 eiecerunt
855 1761 885 1812 et
906 1761 1009 1818 contra
1026 1751 1206 1812 munitiones

131 1839 232 1919 pontis
255 1838 358 1898 latiore
380 1838 445 1898 loco
469 1837 675 1911 constiterunt,
699 1835 861 1914 eodemque
883 1844 1018 1915 tempora
1040 1855 1114 1916 quae
1133 1855 1205 1897 con-

131 1932 289 1986 sueverant
311 1923 423 2002 navigia
456 1940 510 2001 per
535 1929 642 2001 pontes
667 1920 703 1981 ad
729 1921 866 1981 incendia
893 1922 1094 1982 onerariarum
1121 1922 1206 1982 emit·

131 2017 194 2070 tera
222 2008 257 2069 ad
288 2007 397 2069 molem
426 2007 653 2068 constituerunt.
698 2005 889 2085 Pugnabatur
911 2025 927 2066 a
951 2006 1036 2067 nohis
1058 2025 1094 2066 ex
1116 2014 1246 2084 portet

132 2103 162 2156 et
190 2094 283 2167 mole;
314 2094 349 2153 ab
379 2092 435 2180 illis
469 2110 504 2152 ex
533 2109 617 2165 area,
647 2109 722 2170 quae
753 2099 817 2151 erat
845 2091 983 2152 adversus
1011 2099 1147 2170 pontem,
1177 2101 1207 2152 et

217 2261 298 2325 19,1.
314 2262 394 2326 prior
411 2263 443 2311 st.
460 2257 609 2324 propioril
693 2258 858 2322 praesidium
875 2260 913 2308 ibi
932 2255 953 2306 V
1040 2259 1063 2312 2.
1081 2261 1207 2311 Pharitae

133 2328 239 2394 fugai
292 2326 433 2388 fortiorem
450 2328 546 2389 (iliram)
564 2325 614 2390 UF,
632 2329 772 2378 certiorem
790 2323 835 2376 TV
888 2327 978 2392 [quod]
997 2325 1042 2378 TV
1094 2330 1136 2380 itia
1152 2326 1206 2392 tv,

134 2399 169 2446 iia
188 2393 229 2446 llll
288 2397 428 2448 videbator
440 2395 491 2458 llll,
508 2394 667 2446 videbantur
683 2392 737 2456 TV,
754 2394 862 2445 videdat
879 2393 926 2447 Tb.
946 2394 1055 2464 Bentley
1118 2400 1141 2449 4.
1161 2398 1206 2447 bo·

134 2467 202 2582 iim}
218 2462 387 2581 pduersusl
472 2467 496 2516 5.
514 2462 615 2514 Eodem
637 2460 794 2528 tanrporeV
872 2465 895 2514 6.
915 2480 949 2514 eac
965 2465 1033 2515 mola
1049 2467 1078 2536 β,
1097 2469 1123 2514 et
1139 2465 1207 2516 mole

159 2567 176 2584 ..
203 2545 260 2583 cn.

169 2665 218 2726 19.
244 2670 266 2719 l.
294 2666 417 2729 aedificio
442 2667 526 2733 diripi
549 2668 643 2716 iussit:
697 2667 758 2730 tam)
774 2664 866 2726 iurum
878 2664 1058 2732 fugatumque
1073 2671 1103 2717 in
1117 2674 1206 2720 castro

135 2731 177 2785 die
194 2733 291 2785 Hiuser
311 2733 416 2786 wurden
434 2734 504 2786 nicht
523 2749 569 2786 nur
586 2747 644 2785 aus·
696 2735 831 2798 redigunt.

135 2802 294 2868 gepldndert,
310 2802 427 2866 sondern,
445 2802 496 2854 wie
509 2800 644 2854 stoffetlv
737 2803 887 2852 cohortium
917 2805 998 2853 trium
1027 2805 1115 2853 instar
1152 2803 1206 2869 vgl.

134 2885 159 2936 p.
188 2871 236 2922 265
267 2870 389 2934 hemerio,
418 2870 499 2936 villig
528 2873 643 2923 zerstdrt.
695 2871 719 2932 3,
738 2871 810 2931 66,1
835 2872 956 2920 cobortes
974 2871 1111 2936 quaedam,
1135 2875 1206 2936 quod

132 2937 197 3024 vil:
211 2937 369 3022 stl⁸b⁰x79²
387 2937 438 3022 gir
456 2933 483 2989 d’
502 2933 644 3020 iggigporoer
694 2937 783 2988 instar
805 2938 918 3002 legionis
939 2939 1085 2998 videntum
1112 2937 1139 2992 B.
1152 2939 1205 2992 atr.

128 3005 455 3144 itiititttit‘t‘t
473 3007 644 3142 iaiipli‘
690 3006 1206 3139 iii⁰ttt.z²tl.t“'.lti”t.l.

129 3140 199 3209 perd
223 3143 284 3194 τῶν
312 3138 464 3209 βασιλέων·
495 3091 642 3212 ὀλίγοιᾛτ
693 3141 738 3194 des
756 3140 951 3207 Heptastadium
975 3142 1148 3195 tunionem
1167 3159 1204 3196 er·

129 3211 232 3263 οἰκοῦσι
261 3207 329 3279 πρὸς
356 3210 398 3274 τῷ
425 3207 521 3282 πύργῳ
552 3226 643 3260 roura-
692 3208 800 3264 milteln.

129 3283 173 3330 nol
202 3273 255 3330 art
272 3293 306 3331 aa.
341 3277 388 3329 Die
414 3278 505 3330 beiden
530 3277 642 3328 Kastelle
727 3279 751 3330 4.
774 3280 889 3343 imperat
908 3282 1014 3343 pontem
1033 3315 1039 3330 .
1058 3319 1065 3332 .
1082 3279 1205 3346 praeual-

131 3362 162 3398 an
181 3345 230 3398 den
247 3297 366 3398 lirdclren
388 3346 433 3397 des
450 3344 642 3414 Heptastadium
694 3345 755 3397 lori.
791 3345 862 3397 Aueh
885 3345 961 3398 Glisas
984 3349 1051 3398 setzt
1074 3363 1105 3400 zu
1125 3352 1205 3414 impe-

131 3413 188 3465 sind
209 3415 251 3466 bei
274 3413 366 3468 Sloffel
390 3414 424 3480 pl.
445 3417 476 3467 19
504 3413 568 3465 nach
592 3412 641 3464 den
693 3429 756 3464 rara
782 3413 856 3464 einen
884 3415 1004 3480 passiren
1022 3414 1082 3469 Aac.
1107 3431 1129 3470 e.
1158 3414 1205 3466 Ins.

132 3481 254 3546 Angeban
270 3497 322 3534 von
340 3481 460 3534 lllnhmud
480 3481 534 3549 Rey
555 3482 641 3547 einge
691 3480 723 3546 V,
742 3484 765 3545 1,
784 3484 811 3542 33
831 3485 855 3545 l,
873 3484 901 3542 6;
923 3486 945 3547 1,
963 3485 1004 3544 61,
1023 3486 1047 3537 4.

132 3547 255 3602 neiebnet.
728 3553 751 3603 b.
770 3551 855 3600 altero
872 3555 1005 3602 instincto.
1039 3550 1205 3602 DieAlexan-

168 3618 191 3669 3.
209 3617 356 3682 redegerat.
391 3618 417 3669 ln
437 3616 481 3669 der
491 3615 642 3682 Bedeutung
693 3616 778 3670 driner
796 3616 928 3671 binderten
946 3619 994 3672 den
1015 3618 1067 3669 Bau
1085 3616 1129 3669 der
1144 3617 1206 3669 Ver-

130 3676 343 3737 ‘znrdelrtreiben'
360 3684 441 3738 findet
452 3686 507 3738 sich
518 3685 642 3750 redigere
693 3686 839 3750 schanzung
866 3687 931 3738 noch
958 3684 1121 3752 rechtzeitig,
1151 3686 1204 3752 vgl.

132 3750 174 3800 bei
193 3751 268 3802 Gisar
284 3753 363 3819 nicht,
386 3754 446 3806 aber
467 3753 502 3804 im
524 3752 552 3805 Β.
572 3753 641 3819 Hisp.
693 3755 738 3815 20,
766 3757 781 3805 5
803 3758 979 3806 munitionem
1002 3757 1032 3804 in
1056 3758 1138 3819 ponte
1163 3757 1205 3805 in·

135 3820 211 3883 15,4.
235 3822 264 3868 in
285 3827 372 3873 carim
389 3827 453 3873 arent
468 3821 573 3872 redacti
590 3819 641 3871 und
690 3823 820 3873 stitutum.

131 3887 213 3950 34,5
239 3890 269 3938 in
295 3891 419 3955 oppidum
443 3895 507 3940 cunt
530 3889 641 3940 redacti.
726 3890 823 3940 latiore
846 3889 902 3940 loeo
925 3889 978 3955 rgl.
1003 3889 1052 3955 §6
1077 3905 1111 3940 aaa
1132 3905 1204 3956 urea,

130 3952 285 4021 Vgl.Livius
303 3959 344 4021 tt,
356 3960 407 4022 9,2
424 3961 556 4026 postremo
573 3957 641 4022 (bos-
693 3972 761 4022 quaa
778 3962 837 4008 arat
854 3959 981 4008 aduersus
996 3961 1112 4024 portua.
