2860 4572
246 284 286 343 14
666 290 773 342 CAPUT
793 295 901 346 17-19.

246 459 358 539 navigia
387 459 500 520 minora
528 462 710 541 scaphasque
741 463 881 542 imponit;
910 464 1030 526 alteram
1059 466 1172 528 insulae
1201 476 1316 545 partem

244 543 428 606 distinendae
450 562 555 608 manus
577 564 664 608 causa
686 547 843 608 constratis
857 549 980 610 navibus
995 551 1165 629 adgreditur
1179 553 1317 632 praemiis

205 641 222 689 4
243 629 358 707 magnis
380 630 555 709 propositis,
586 633 636 711 qui
659 631 772 712 primus
793 631 918 694 insulam
942 634 1077 712 cepisset.
1121 641 1163 699 Ac
1184 638 1317 717 primum

244 715 386 794 impetum
416 726 584 778 nostrorum
612 717 745 778 Pharitae
773 717 988 780 sustinuerunt.
1033 719 1099 780 Uuo
1128 723 1209 783 enim
1239 732 1316 783 tem·

243 817 316 879 pore
345 808 374 860 et
402 817 437 861 ex
465 801 551 864 tectis
578 802 776 863 aedificiorum
802 802 1031 883 propugnabant
1053 811 1082 864 et
1103 805 1189 866 litora
1210 808 1316 868 armati

243 884 456 958 defendebant,
483 905 543 966 quo
571 896 695 966 propter
716 887 901 966 asperitatem
924 889 981 949 loci
1005 907 1065 948 nou
1089 889 1181 952 lacilis
1204 893 1317 954 nostris

242 969 337 1031 aditus
359 969 493 1046 dabatur,
517 981 546 1032 et
567 973 682 1051 scaphis
705 972 886 1052 navibusque
904 973 1002 1053 longis
1019 973 1150 1052 quinque
1166 975 1316 1037 mobiliter

204 1065 219 1114 e
241 1065 271 1116 et
298 1055 427 1117 scienter
454 1057 604 1135 angustias
629 1058 689 1118 loci
718 1057 888 1119 tuebantur.
933 1059 990 1119 Sed
1016 1058 1067 1119 ubi
1088 1059 1217 1138 primum
1240 1059 1315 1122 locis

243 1141 369 1220 cognitis
389 1142 527 1220 vadisque
549 1143 725 1221 pertentatis
747 1142 833 1222 pauci
855 1143 947 1204 nostri
966 1143 996 1204 iu
1012 1143 1097 1205 litore
1112 1145 1314 1205 constiterunt

242 1235 330 1310 atque
352 1227 407 1287 bos
435 1235 505 1287 sunt
533 1228 581 1288 alii
609 1227 760 1290 subsecuti
786 1237 1018 1307 constanterque
1047 1229 1078 1289 in
1108 1247 1172 1303 eos,
1200 1228 1250 1307 qui
1278 1229 1311 1288 in

242 1311 328 1372 litore
356 1328 449 1390 aequo
479 1312 676 1385 institerant..
694 1313 836 1392 impetum
866 1315 1017 1386 lecerunt,
1047 1331 1150 1376 omnes
1179 1312 1313 1375 Pharitae

203 1406 219 1456 6
240 1405 322 1474 terga
350 1405 512 1457 verterunt.
557 1398 609 1460 llis
636 1399 760 1477 pulsis.
784 1443 791 1459 .
815 1399 947 1461 custodia
975 1407 1080 1479 portus
1101 1398 1202 1460 rebcta
1223 1415 1315 1460 naves

241 1481 276 1541 ad
305 1481 390 1542 litora
418 1490 448 1542 et
474 1483 571 1543 vicum
599 1483 785 1562 adplicarunt
812 1502 903 1563 seque
931 1503 967 1545 ex
996 1483 1120 1544 navibus
1146 1484 1182 1544 ad
1203 1483 1314 1544 tuende

189 1571 225 1627 18
244 1566 374 1626 aedilicia
391 1567 552 1628 eiecerunt.
595 1568 698 1647 Neque
719 1585 789 1628 vero
812 1568 920 1630 diutius
943 1587 976 1629 ea
998 1569 1164 1630 munitione
1185 1587 1217 1629 se
1240 1586 1313 1628 con-

241 1651 337 1712 tinere
366 1652 543 1730 potuerunt,
573 1653 628 1714 etsi
656 1661 720 1714 erat
747 1672 809 1714 non
839 1653 978 1715 dissimile
1004 1661 1093 1732 atque
1120 1652 1315 1714 Alexandriae

241 1754 335 1816 genus
357 1737 571 1812 aedificiorum,
592 1748 627 1799 ut
648 1739 763 1799 minora
785 1737 944 1798 maioribus
966 1739 1172 1811 conterantur,
1201 1746 1314 1799 turres·

242 1838 299 1900 que
323 1823 416 1882 editae
439 1832 468 1883 ct
490 1823 666 1884 coniunctae
688 1823 766 1883 muri
788 1823 886 1883 locum
912 1821 1102 1894 obtinebant,
1132 1839 1229 1900 neque
1258 1841 1314 1882 no-

240 1907 294 1968 stri
323 1917 372 1968 aut
400 1907 486 1969 scalis
507 1917 557 1968 aut
578 1907 707 1969 cratibus
729 1917 779 1968 aut
801 1907 923 1985 reliquis
944 1906 1034 1968 rebus
1055 1908 1149 1986 parati
1170 1915 1315 1968 venerant

204 1992 275 2053 tad
306 1993 547 2072 oppugnandum.
592 1993 649 2054 Sed
674 2001 771 2054 terror
794 1991 965 2053 hominibus
987 1999 1117 2052 mentem
1141 1991 1314 2053 consilium-

202 2088 217 2136 a
240 2095 297 2156 que
320 2077 407 2157 eripit
423 2086 452 2138 et
467 2079 598 2138 membra
612 2078 754 2149 debilitat,
775 2086 808 2138 nt
822 2085 885 2138 tum
902 2077 1017 2138 accidit.
1050 2076 1108 2147 Qui
1124 2078 1201 2137 sein
1217 2095 1315 2155 aequo

240 2163 306 2223 lcoo
334 2181 368 2224 ac
395 2163 484 2242 plano
512 2181 597 2242 pares
625 2182 689 2226 esse
718 2162 923 2235 confidebant,
956 2162 1034 2222 idem
1062 2161 1213 2240 perterriti
1243 2163 1313 2240 suga

239 2265 361 2308 sucrum
385 2259 414 2308 et
436 2249 523 2309 caede
545 2266 709 2328 paucorum
730 2267 788 2309 xxx
809 2248 918 2328 pedum
941 2247 1095 2308 altitudine
1117 2246 1147 2307 in
1171 2246 1313 2308 aediliciis

240 2332 402 2394 consistere
425 2334 487 2395 ausi
511 2352 572 2394 uon
595 2343 666 2395 sunt
688 2353 778 2413 seque
800 2351 855 2412 per
877 2333 985 2393 molem
1007 2333 1038 2393 in
1061 2349 1141 2392 mare
1163 2331 1310 2412 praecipi-

238 2425 373 2478 taverunt
395 2428 425 2479 et
446 2437 516 2478 nccc
539 2436 679 2497 passuum
695 2419 878 2480 intervallum
894 2419 929 2480 ad
946 2417 1088 2496 oppidum
1106 2424 1309 2477 enataverunt.

238 2501 321 2562 Multi
349 2511 448 2564 tamen
478 2522 514 2563 ex
543 2503 588 2564 his
616 2504 693 2584 capti
721 2503 930 2582 interfectique
963 2510 1048 2575 sunt;
1082 2501 1133 2562 sed
1167 2518 1312 2563 numerus

187 2593 223 2649 19
241 2587 422 2666 captivorum
451 2588 573 2650 omnino
602 2589 658 2648 luit
684 2607 712 2647 vr
742 2587 864 2649 milium.
909 2587 1015 2648 Caesar
1039 2585 1147 2665 praeda
1170 2585 1311 2647 militibus

242 2757 245 2762 ¹
322 2771 363 2836 17,
381 2776 404 2826 3.
427 2776 456 2824 in
483 2775 596 2825 alteram
621 2777 650 2874 qd,
668 2776 717 2838 [in]
736 2772 816 2824 Aldus
914 2772 1083 2823 destinendae
1099 2770 1145 2823 rt
1248 2789 1309 2824 con·

237 2845 346 2892 stractio
358 2839 423 2905 Tm,
442 2845 586 2893 contractio
599 2842 617 2892 V

287 2913 392 2976 pariter
412 2913 440 2981 β,
459 2912 585 2962 Pbaritue
606 2910 635 2963 R.
658 2909 735 2962 Scbn.
809 2912 845 2973 b.
869 2909 1056 2974 constantique
1074 2906 1120 2959 TV
1205 2911 1308 2959 instite-

238 2982 303 3029 rant
319 2976 387 3028 UTV
423 2978 633 3032 constiterantl'
729 2980 752 3029 6.
770 2978 818 3027 His
843 2977 928 3042 pulsis
1041 2977 1162 3040 metudio
1183 2975 1212 3029 R.
1231 2976 1308 3029 Sclrn.

238 3044 358 3110 Scnstige
377 3044 566 3112 Vermutungeu
585 3047 627 3099 bei
646 3046 738 3098 Larseu
758 3062 782 3112 p.
803 3047 843 3097 14.

321 3113 454 3179 18‚1.eae
472 3117 621 3166 munitione
638 3118 670 3186 β,
696 3131 726 3165 aa
750 3115 899 3164 munitione
915 3110 1033 3164 Davisius
1103 3114 1152 3162 atri
1173 3113 1307 3165 diceneo

237 3181 329 3232 erotV
382 3183 487 3233 minora
499 3185 645 3233 maioribus
657 3180 707 3248 UF,
741 3185 847 3232 minora
865 3183 1014 3232 minoribus
1026 3178 1071 3230 TV
1123 3183 1146 3232 2.
1166 3185 1221 3231 tum
1233 3179 1308 3245 mv,

238 3247 341 3300 tuncU
426 3253 450 3303 3.
470 3253 499 3308 171
514 3253 556 3315 (=
574 3268 622 3301 rem
639 3251 790 3322 militorum

322 3317 365 3381 19,
380 3322 402 3370 1.
420 3318 550 3370 militibus
563 3320 668 3384 praeda
685 3317 708 3370 U

674 2843 855 2908 promotisque
866 2843 887 2912 β
937 2843 961 2895 4.
972 2839 1130 2906 primuml,
1142 2843 1230 2906 primo
1242 2839 1308 2891 UFV

272 3491 296 3541 6.
316 3489 362 3538 Hir
377 3487 462 3553 pulsis
480 3525 527 3540 ...
545 3489 667 3541 custodia
682 3505 744 3554 por·
830 3489 853 3539 3.
871 3484 961 3536 Duco
973 3498 1102 3549 pascuum
1119 3484 1306 3536 interuallum:

237 3561 282 3607 tus
299 3557 394 3608 relicta
411 3555 572 3608 dazwiscben
588 3559 630 3620 ist,
648 3557 698 3608 wie
716 3571 745 3608 es
796 3558 819 3618 3,
834 3555 919 3617 112,2
938 3552 972 3604 ist
990 3551 1030 3603 die
1048 3552 1132 3617 Linge
1149 3552 1196 3604 des
1212 3552 1307 3618 llepta-

237 3625 349 3687 scbeim,
373 3625 418 3676 das
438 3621 548 3685 Subjelxt
572 3641 602 3677 zu
626 3625 745 3692 applico·
796 3621 905 3675 stadium
924 3620 969 3672 aui
986 3623 1035 3672 900
1054 3636 1080 3687 p.
1102 3620 1246 3684 bereebnet,
1263 3620 1305 3672 die

236 3699 302 3743 mont
318 3691 483 3758 eusgeiallen.
795 3705 894 3756 gennae
912 3688 974 3739 Zebl
997 3689 1055 3750 (858
1069 3690 1104 3754 p.)
1127 3688 1191 3754 liegt
1210 3688 1261 3740 last
1278 3689 1305 3739 in

270 3761 319 3824 18,
338 3765 361 3814 1.
392 3762 546 3812 minoribus.
585 3759 661 3812 Gdsar
689 3775 746 3813 ver·
795 3758 840 3810 der
857 3756 939 3809 Mitte.

237 3827 644 3890 bindetconsbrueuurrnitcum.
663 3827 745 3878 Eben-
829 3842 877 3876 eac
893 3820 1020 3876 milium*.
1044 3822 1089 3874 llie
1101 3823 1162 3874 Zahl
1175 3824 1209 3876 ist
1223 3827 1305 3876 etwas

237 3911 266 3948 so
289 3895 383 3948 Hirtius
404 3895 454 3948 Vlll
480 3898 559 3963 prael.
582 3900 598 3950 9
623 3911 657 3946 rra
686 3911 745 3946 cum
795 3893 870 3958 boch,
888 3892 954 3945 docb
974 3891 1038 3944 ieblt
1057 3905 1104 3944 uns
1119 3891 1306 3958 jederdnbalt,

237 3964 348 4015 Caesare
366 3963 500 4026 conferor.
796 3963 833 4014 sie
851 3977 883 4013 zu
901 3961 991 4028 prbleu
1016 3960 1067 4012 und
1089 3975 1120 4012 zu
1138 3959 1305 4027 bericbtigen.
