<?xml version="1.0" encoding="UTF-8"?>
<!DOCTYPE html PUBLIC "-//W3C//DTD XHTML 1.0 Transitional//EN"
    "http://www.w3.org/TR/xhtml1/DTD/xhtml1-transitional.dtd">
<html xmlns="http://www.w3.org/1999/xhtml" xml:lang="en" lang="en">
 <head>
  <title>
</title>
<meta http-equiv="Content-Type" content="text/html;charset=utf-8" />
  <meta name='ocr-system' content='tesseract 3.04.00' />
  <meta name='ocr-capabilities' content='ocr_page ocr_carea ocr_par ocr_line ocrx_word'/>
</head>
<body>
  <div class='ocr_page' id='page_1' title='image "bellumalexandri00hirtgoog_0030.png"; bbox 0 0 2860 4572; ppageno 0'>
   <div class='ocr_carea' id='block_1_1' title="bbox 535 284 1176 348">
    <p class='ocr_par' dir='ltr' id='par_1_1' title="bbox 535 284 1176 348">
     <span class='ocr_line' id='line_1_1' title="bbox 535 284 1176 348; baseline 0.003 -10"><span class='ocrx_word' id='word_1_1' title='bbox 535 284 642 338; x_wconf 74' lang='lat' dir='ltr'>CAPUT</span> <span class='ocrx_word' id='word_1_2' title='bbox 660 289 701 340; x_wconf 85' lang='lat' dir='ltr'>at.</span> <span class='ocrx_word' id='word_1_3' title='bbox 714 288 755 340; x_wconf 73' lang='lat'>22.</span> <span class='ocrx_word' id='word_1_4' title='bbox 1138 287 1176 348; x_wconf 82' lang='lat'>17</span> 
     </span>
    </p>
   </div>
   <div class='ocr_carea' id='block_1_2' title="bbox 109 458 1294 2328">
    <p class='ocr_par' dir='ltr' id='par_1_2' title="bbox 109 458 1294 2328">
     <span class='ocr_line' id='line_1_2' title="bbox 110 458 1231 540; baseline 0.002 -20"><span class='ocrx_word' id='word_1_5' title='bbox 110 460 223 540; x_wconf 85' lang='lat' dir='ltr'>navigia</span> <span class='ocrx_word' id='word_1_6' title='bbox 246 459 432 520; x_wconf 88' lang='lat' dir='ltr'>adnatarunt.</span> <span class='ocrx_word' id='word_1_7' title='bbox 477 459 590 530; x_wconf 85' lang='lat' dir='ltr'>Caesar,</span> <span class='ocrx_word' id='word_1_8' title='bbox 613 458 709 538; x_wconf 94' lang='lat' dir='ltr'>quoad</span> <span class='ocrx_word' id='word_1_9' title='bbox 730 458 828 538; x_wconf 91' lang='lat' dir='ltr'>potuit</span> <span class='ocrx_word' id='word_1_10' title='bbox 849 459 1030 521; x_wconf 81' lang='lat' dir='ltr'>cohortando</span> <span class='ocrx_word' id='word_1_11' title='bbox 1052 479 1122 522; x_wconf 91' lang='lat' dir='ltr'>suos</span> <span class='ocrx_word' id='word_1_12' title='bbox 1142 463 1177 524; x_wconf 90' lang='lat' dir='ltr'>ad</span> <span class='ocrx_word' id='word_1_13' title='bbox 1194 468 1231 523; x_wconf 70' lang='lat'>21</span> 
     </span>
     <span class='ocr_line' id='line_1_3' title="bbox 110 543 1180 627; baseline 0.001 -20"><span class='ocrx_word' id='word_1_14' title='bbox 110 556 231 627; x_wconf 92' lang='lat' dir='ltr'>pontem</span> <span class='ocrx_word' id='word_1_15' title='bbox 254 563 289 606; x_wconf 92' lang='lat' dir='ltr'>ac</span> <span class='ocrx_word' id='word_1_16' title='bbox 313 543 493 605; x_wconf 74' lang='lat' dir='ltr'>munitiones</span> <span class='ocrx_word' id='word_1_17' title='bbox 515 545 684 618; x_wconf 92' lang='lat' dir='ltr'>continere,</span> <span class='ocrx_word' id='word_1_18' title='bbox 714 544 817 604; x_wconf 89' lang='lat' dir='ltr'>eodem</span> <span class='ocrx_word' id='word_1_19' title='bbox 840 544 869 604; x_wconf 92' lang='lat' dir='ltr'>in</span> <span class='ocrx_word' id='word_1_20' title='bbox 894 544 1025 623; x_wconf 91' lang='lat' dir='ltr'>periculo</span> <span class='ocrx_word' id='word_1_21' title='bbox 1048 554 1180 608; x_wconf 89' lang='lat' dir='ltr'>versatus</span> 
     </span>
     <span class='ocr_line' id='line_1_4' title="bbox 109 628 1180 710; baseline 0.002 -18"><span class='ocrx_word' id='word_1_22' title='bbox 109 641 170 704; x_wconf 90' lang='lat' dir='ltr'>est;</span> <span class='ocrx_word' id='word_1_23' title='bbox 202 639 358 710; x_wconf 80' lang='lat' dir='ltr'>postquam</span> <span class='ocrx_word' id='word_1_24' title='bbox 385 628 539 691; x_wconf 87' lang='lat' dir='ltr'>universos</span> <span class='ocrx_word' id='word_1_25' title='bbox 562 630 666 692; x_wconf 84' lang='lat' dir='ltr'>cedere</span> <span class='ocrx_word' id='word_1_26' title='bbox 688 628 906 704; x_wconf 85' lang='lat' dir='ltr'>animadvertit,</span> <span class='ocrx_word' id='word_1_27' title='bbox 935 629 967 689; x_wconf 92' lang='lat' dir='ltr'>in</span> <span class='ocrx_word' id='word_1_28' title='bbox 990 649 1075 692; x_wconf 93' lang='lat' dir='ltr'>suum</span> <span class='ocrx_word' id='word_1_29' title='bbox 1099 631 1180 693; x_wconf 87' lang='lat' dir='ltr'>navi·</span> 
     </span>
     <span class='ocr_line' id='line_1_5' title="bbox 110 713 1294 796; baseline 0.001 -19"><span class='ocrx_word' id='word_1_30' title='bbox 110 717 194 796; x_wconf 81' lang='lat' dir='ltr'>gium</span> <span class='ocrx_word' id='word_1_31' title='bbox 223 734 254 776; x_wconf 89' lang='lat' dir='ltr'>se</span> <span class='ocrx_word' id='word_1_32' title='bbox 278 715 401 794; x_wconf 90' lang='lat' dir='ltr'>recepit.</span> <span class='ocrx_word' id='word_1_33' title='bbox 446 713 511 784; x_wconf 88' lang='lat' dir='ltr'>Quo</span> <span class='ocrx_word' id='word_1_34' title='bbox 534 713 691 775; x_wconf 91' lang='lat' dir='ltr'>multitudo</span> <span class='ocrx_word' id='word_1_35' title='bbox 713 714 867 774; x_wconf 91' lang='lat' dir='ltr'>hominum</span> <span class='ocrx_word' id='word_1_36' title='bbox 889 715 1021 776; x_wconf 88' lang='lat' dir='ltr'>insecuta</span> <span class='ocrx_word' id='word_1_37' title='bbox 1045 734 1112 778; x_wconf 89' lang='lat' dir='ltr'>oum</span> <span class='ocrx_word' id='word_1_38' title='bbox 1134 717 1181 778; x_wconf 92' lang='lat' dir='ltr'>in·</span> <span class='ocrx_word' id='word_1_39' title='bbox 1202 727 1218 777; x_wconf 79' lang='lat'>2</span> <span class='ocrx_word' id='word_1_40' title='bbox 1289 781 1294 794; x_wconf 35' lang='grc' dir='ltr'>ι</span> 
     </span>
     <span class='ocr_line' id='line_1_6' title="bbox 112 798 1182 880; baseline 0.003 -19"><span class='ocrx_word' id='word_1_41' title='bbox 112 809 272 880; x_wconf 86' lang='lat' dir='ltr'>rumperet,</span> <span class='ocrx_word' id='word_1_42' title='bbox 293 818 390 878; x_wconf 89' lang='lat' dir='ltr'>neque</span> <span class='ocrx_word' id='word_1_43' title='bbox 405 799 627 861; x_wconf 89' lang='lat' dir='ltr'>administrandi</span> <span class='ocrx_word' id='word_1_44' title='bbox 644 818 741 878; x_wconf 87' lang='lat' dir='ltr'>neque</span> <span class='ocrx_word' id='word_1_45' title='bbox 756 798 918 878; x_wconf 89' lang='lat' dir='ltr'>repellendi</span> <span class='ocrx_word' id='word_1_46' title='bbox 933 818 949 859; x_wconf 89' lang='lat' dir='ltr'>a</span> <span class='ocrx_word' id='word_1_47' title='bbox 964 810 1045 861; x_wconf 92' lang='lat' dir='ltr'>terra</span> <span class='ocrx_word' id='word_1_48' title='bbox 1060 802 1182 864; x_wconf 78' lang='lat' dir='ltr'>facultas</span> 
     </span>
     <span class='ocr_line' id='line_1_7' title="bbox 114 884 1182 965; baseline 0.002 -19"><span class='ocrx_word' id='word_1_49' title='bbox 114 886 247 958; x_wconf 88' lang='lat' dir='ltr'>daretur,</span> <span class='ocrx_word' id='word_1_50' title='bbox 270 885 349 958; x_wconf 85' lang='lat' dir='ltr'>lore,</span> <span class='ocrx_word' id='word_1_51' title='bbox 378 884 455 962; x_wconf 93' lang='lat' dir='ltr'>quod</span> <span class='ocrx_word' id='word_1_52' title='bbox 478 884 599 960; x_wconf 92' lang='lat' dir='ltr'>accidit,</span> <span class='ocrx_word' id='word_1_53' title='bbox 629 884 793 963; x_wconf 90' lang='lat' dir='ltr'>suspicatus</span> <span class='ocrx_word' id='word_1_54' title='bbox 814 903 878 945; x_wconf 88' lang='lat' dir='ltr'>sese</span> <span class='ocrx_word' id='word_1_55' title='bbox 901 903 938 944; x_wconf 85' lang='lat' dir='ltr'>ex</span> <span class='ocrx_word' id='word_1_56' title='bbox 959 886 1073 965; x_wconf 85' lang='lat' dir='ltr'>navigio</span> <span class='ocrx_word' id='word_1_57' title='bbox 1097 887 1182 948; x_wconf 88' lang='lat' dir='ltr'>eiecit</span> 
     </span>
     <span class='ocr_line' id='line_1_8' title="bbox 112 969 1219 1049; baseline -0.001 -18"><span class='ocrx_word' id='word_1_58' title='bbox 112 980 201 1049; x_wconf 90' lang='lat' dir='ltr'>atque</span> <span class='ocrx_word' id='word_1_59' title='bbox 223 970 259 1031; x_wconf 94' lang='lat' dir='ltr'>ad</span> <span class='ocrx_word' id='word_1_60' title='bbox 281 988 338 1044; x_wconf 91' lang='lat' dir='ltr'>eas,</span> <span class='ocrx_word' id='word_1_61' title='bbox 361 988 436 1047; x_wconf 93' lang='lat' dir='ltr'>quae</span> <span class='ocrx_word' id='word_1_62' title='bbox 454 969 572 1048; x_wconf 83' lang='lat' dir='ltr'>longius</span> <span class='ocrx_word' id='word_1_63' title='bbox 587 970 790 1042; x_wconf 88' lang='lat' dir='ltr'>constiterant,</span> <span class='ocrx_word' id='word_1_64' title='bbox 813 987 900 1030; x_wconf 84' lang='lat' dir='ltr'>naves</span> <span class='ocrx_word' id='word_1_65' title='bbox 915 970 1069 1032; x_wconf 90' lang='lat' dir='ltr'>adnatavit.</span> <span class='ocrx_word' id='word_1_66' title='bbox 1106 972 1219 1034; x_wconf 82' lang='lat' dir='ltr'>Hinct</span> 
     </span>
     <span class='ocr_line' id='line_1_9' title="bbox 112 1053 1182 1135; baseline 0.001 -18"><span class='ocrx_word' id='word_1_67' title='bbox 112 1056 173 1117; x_wconf 90' lang='lat' dir='ltr'>suis</span> <span class='ocrx_word' id='word_1_68' title='bbox 201 1055 404 1117; x_wconf 84' lang='lat' dir='ltr'>laborantibus</span> <span class='ocrx_word' id='word_1_69' title='bbox 432 1053 563 1116; x_wconf 93' lang='lat' dir='ltr'>subsidio</span> <span class='ocrx_word' id='word_1_70' title='bbox 589 1055 712 1135; x_wconf 84' lang='lat' dir='ltr'>scaphas</span> <span class='ocrx_word' id='word_1_71' title='bbox 734 1054 853 1116; x_wconf 88' lang='lat' dir='ltr'>mittens</span> <span class='ocrx_word' id='word_1_72' title='bbox 876 1055 1037 1116; x_wconf 89' lang='lat' dir='ltr'>nonnullos</span> <span class='ocrx_word' id='word_1_73' title='bbox 1059 1075 1182 1118; x_wconf 89' lang='lat' dir='ltr'>conser-</span> 
     </span>
     <span class='ocr_line' id='line_1_10' title="bbox 110 1139 1183 1219; baseline 0.001 -18"><span class='ocrx_word' id='word_1_74' title='bbox 110 1140 195 1201; x_wconf 90' lang='lat' dir='ltr'>vavit.</span> <span class='ocrx_word' id='word_1_75' title='bbox 239 1140 390 1218; x_wconf 85' lang='lat' dir='ltr'>Navigium</span> <span class='ocrx_word' id='word_1_76' title='bbox 420 1139 538 1219; x_wconf 91' lang='lat' dir='ltr'>quidem</span> <span class='ocrx_word' id='word_1_77' title='bbox 568 1140 631 1201; x_wconf 90' lang='lat' dir='ltr'>eius</span> <span class='ocrx_word' id='word_1_78' title='bbox 654 1140 842 1200; x_wconf 86' lang='lat' dir='ltr'>multitudine</span> <span class='ocrx_word' id='word_1_79' title='bbox 864 1139 1035 1219; x_wconf 87' lang='lat' dir='ltr'>depressum</span> <span class='ocrx_word' id='word_1_80' title='bbox 1057 1141 1183 1202; x_wconf 93' lang='lat' dir='ltr'>militum</span> 
     </span>
     <span class='ocr_line' id='line_1_11' title="bbox 110 1224 1221 1305; baseline 0 -19"><span class='ocrx_word' id='word_1_81' title='bbox 110 1244 170 1287; x_wconf 93' lang='lat' dir='ltr'>una</span> <span class='ocrx_word' id='word_1_82' title='bbox 201 1243 268 1286; x_wconf 93' lang='lat' dir='ltr'>cum</span> <span class='ocrx_word' id='word_1_83' title='bbox 299 1224 469 1286; x_wconf 89' lang='lat' dir='ltr'>hominibus</span> <span class='ocrx_word' id='word_1_84' title='bbox 493 1225 613 1286; x_wconf 90' lang='lat' dir='ltr'>interiit.</span> <span class='ocrx_word' id='word_1_85' title='bbox 657 1225 721 1285; x_wconf 88' lang='lat' dir='ltr'>Hoc</span> <span class='ocrx_word' id='word_1_86' title='bbox 743 1224 857 1305; x_wconf 89' lang='lat' dir='ltr'>proelio</span> <span class='ocrx_word' id='word_1_87' title='bbox 879 1225 1034 1286; x_wconf 89' lang='lat' dir='ltr'>desiderati</span> <span class='ocrx_word' id='word_1_88' title='bbox 1056 1234 1127 1287; x_wconf 91' lang='lat' dir='ltr'>sunt</span> <span class='ocrx_word' id='word_1_89' title='bbox 1148 1236 1221 1288; x_wconf 80' lang='lat' dir='ltr'>ext</span> 
     </span>
     <span class='ocr_line' id='line_1_12' title="bbox 111 1307 1184 1394; baseline -0.001 -21"><span class='ocrx_word' id='word_1_90' title='bbox 111 1329 238 1373; x_wconf 91' lang='lat' dir='ltr'>numero</span> <span class='ocrx_word' id='word_1_91' title='bbox 261 1310 491 1390; x_wconf 81' lang='lat' dir='ltr'>legionariorum</span> <span class='ocrx_word' id='word_1_92' title='bbox 521 1310 645 1372; x_wconf 93' lang='lat' dir='ltr'>militum</span> <span class='ocrx_word' id='word_1_93' title='bbox 674 1310 792 1370; x_wconf 90' lang='lat' dir='ltr'>circiter</span> <span class='ocrx_word' id='word_1_94' title='bbox 820 1328 889 1370; x_wconf 84' lang='lat' dir='ltr'>cecc</span> <span class='ocrx_word' id='word_1_95' title='bbox 912 1320 941 1371; x_wconf 90' lang='lat' dir='ltr'>et</span> <span class='ocrx_word' id='word_1_96' title='bbox 963 1310 1049 1390; x_wconf 90' lang='lat' dir='ltr'>paulo</span> <span class='ocrx_word' id='word_1_97' title='bbox 1072 1307 1184 1394; x_wconf 84' lang='lat' dir='ltr'>(ultra)</span> 
     </span>
     <span class='ocr_line' id='line_1_13' title="bbox 110 1394 1221 1474; baseline -0.002 -16"><span class='ocrx_word' id='word_1_98' title='bbox 110 1413 182 1458; x_wconf 90' lang='lat' dir='ltr'>eum</span> <span class='ocrx_word' id='word_1_99' title='bbox 216 1414 373 1458; x_wconf 90' lang='lat' dir='ltr'>numerum</span> <span class='ocrx_word' id='word_1_100' title='bbox 407 1394 546 1456; x_wconf 91' lang='lat' dir='ltr'>classiarii</span> <span class='ocrx_word' id='word_1_101' title='bbox 579 1403 608 1456; x_wconf 97' lang='lat' dir='ltr'>et</span> <span class='ocrx_word' id='word_1_102' title='bbox 640 1396 774 1474; x_wconf 85' lang='lat' dir='ltr'>remiges.</span> <span class='ocrx_word' id='word_1_103' title='bbox 829 1394 1019 1456; x_wconf 79' lang='lat' dir='ltr'>Alexandrini</span> <span class='ocrx_word' id='word_1_104' title='bbox 1050 1415 1085 1456; x_wconf 93' lang='lat' dir='ltr'>eo</span> <span class='ocrx_word' id='word_1_105' title='bbox 1119 1398 1221 1459; x_wconf 74' lang='lat' dir='ltr'>locon</span> 
     </span>
     <span class='ocr_line' id='line_1_14' title="bbox 111 1480 1184 1560; baseline 0.001 -17"><span class='ocrx_word' id='word_1_106' title='bbox 111 1481 267 1544; x_wconf 87' lang='lat' dir='ltr'>castellum</span> <span class='ocrx_word' id='word_1_107' title='bbox 290 1480 404 1560; x_wconf 85' lang='lat' dir='ltr'>magnis</span> <span class='ocrx_word' id='word_1_108' title='bbox 426 1480 641 1542; x_wconf 88' lang='lat' dir='ltr'>munitionibus</span> <span class='ocrx_word' id='word_1_109' title='bbox 669 1480 826 1559; x_wconf 89' lang='lat' dir='ltr'>multisque</span> <span class='ocrx_word' id='word_1_110' title='bbox 848 1482 1004 1542; x_wconf 92' lang='lat' dir='ltr'>tormentis</span> <span class='ocrx_word' id='word_1_111' title='bbox 1025 1483 1184 1544; x_wconf 85' lang='lat' dir='ltr'>confirma-</span> 
     </span>
     <span class='ocr_line' id='line_1_15' title="bbox 111 1564 1184 1646; baseline 0 -18"><span class='ocrx_word' id='word_1_112' title='bbox 111 1575 186 1628; x_wconf 93' lang='lat' dir='ltr'>runt</span> <span class='ocrx_word' id='word_1_113' title='bbox 214 1575 301 1645; x_wconf 91' lang='lat' dir='ltr'>atque</span> <span class='ocrx_word' id='word_1_114' title='bbox 330 1565 436 1644; x_wconf 80' lang='lat' dir='ltr'>egestis</span> <span class='ocrx_word' id='word_1_115' title='bbox 466 1585 500 1626; x_wconf 86' lang='lat' dir='ltr'>ex</span> <span class='ocrx_word' id='word_1_116' title='bbox 530 1565 602 1626; x_wconf 91' lang='lat' dir='ltr'>mari</span> <span class='ocrx_word' id='word_1_117' title='bbox 631 1564 777 1645; x_wconf 89' lang='lat' dir='ltr'>lapidibus</span> <span class='ocrx_word' id='word_1_118' title='bbox 804 1564 897 1626; x_wconf 91' lang='lat' dir='ltr'>libere</span> <span class='ocrx_word' id='word_1_119' title='bbox 925 1576 996 1627; x_wconf 89' lang='lat' dir='ltr'>sunt</span> <span class='ocrx_word' id='word_1_120' title='bbox 1017 1567 1061 1628; x_wconf 91' lang='lat' dir='ltr'>usi</span> <span class='ocrx_word' id='word_1_121' title='bbox 1083 1576 1184 1646; x_wconf 89' lang='lat' dir='ltr'>postea</span> 
     </span>
     <span class='ocr_line' id='line_1_16' title="bbox 113 1650 1236 1724; baseline -0.002 -11"><span class='ocrx_word' id='word_1_122' title='bbox 113 1653 149 1714; x_wconf 94' lang='lat' dir='ltr'>ad</span> <span class='ocrx_word' id='word_1_123' title='bbox 180 1652 321 1714; x_wconf 88' lang='lat' dir='ltr'>mittenda</span> <span class='ocrx_word' id='word_1_124' title='bbox 351 1650 473 1724; x_wconf 69' lang='lat' dir='ltr'>navigia.</span> <span class='ocrx_word' id='word_1_125' title='bbox 517 1650 581 1713; x_wconf 88' lang='lat' dir='ltr'>lloc</span> <span class='ocrx_word' id='word_1_126' title='bbox 609 1651 784 1712; x_wconf 90' lang='lat' dir='ltr'>detrimento</span> <span class='ocrx_word' id='word_1_127' title='bbox 814 1650 918 1712; x_wconf 90' lang='lat' dir='ltr'>milites</span> <span class='ocrx_word' id='word_1_128' title='bbox 947 1652 1040 1713; x_wconf 87' lang='lat' dir='ltr'>nostri</span> <span class='ocrx_word' id='word_1_129' title='bbox 1066 1661 1180 1714; x_wconf 92' lang='lat' dir='ltr'>tantum</span> <span class='ocrx_word' id='word_1_130' title='bbox 1198 1655 1236 1711; x_wconf 68' lang='lat' dir='ltr'>hd</span> 
     </span>
     <span class='ocr_line' id='line_1_17' title="bbox 112 1735 1185 1816; baseline -0.001 -17"><span class='ocrx_word' id='word_1_131' title='bbox 112 1739 254 1799; x_wconf 86' lang='lat' dir='ltr'>aluerunt</span> <span class='ocrx_word' id='word_1_132' title='bbox 281 1746 315 1797; x_wconf 92' lang='lat' dir='ltr'>ut</span> <span class='ocrx_word' id='word_1_133' title='bbox 340 1736 601 1815; x_wconf 86' lang='lat' dir='ltr'>perturbarentur,</span> <span class='ocrx_word' id='word_1_134' title='bbox 630 1745 663 1797; x_wconf 93' lang='lat' dir='ltr'>ut</span> <span class='ocrx_word' id='word_1_135' title='bbox 685 1735 798 1797; x_wconf 89' lang='lat' dir='ltr'>incensi</span> <span class='ocrx_word' id='word_1_136' title='bbox 820 1745 908 1814; x_wconf 91' lang='lat' dir='ltr'>atque</span> <span class='ocrx_word' id='word_1_137' title='bbox 931 1735 1042 1798; x_wconf 87' lang='lat' dir='ltr'>incitati</span> <span class='ocrx_word' id='word_1_138' title='bbox 1064 1755 1185 1816; x_wconf 83' lang='lat' dir='ltr'>magnas</span> 
     </span>
     <span class='ocr_line' id='line_1_18' title="bbox 112 1820 1186 1902; baseline -0.002 -17"><span class='ocrx_word' id='word_1_139' title='bbox 112 1823 299 1885; x_wconf 87' lang='lat' dir='ltr'>accessiones</span> <span class='ocrx_word' id='word_1_140' title='bbox 315 1820 442 1882; x_wconf 87' lang='lat' dir='ltr'>fecerint</span> <span class='ocrx_word' id='word_1_141' title='bbox 457 1821 487 1880; x_wconf 96' lang='lat' dir='ltr'>in</span> <span class='ocrx_word' id='word_1_142' title='bbox 504 1820 643 1900; x_wconf 86' lang='lat' dir='ltr'>operibus</span> <span class='ocrx_word' id='word_1_143' title='bbox 659 1821 786 1882; x_wconf 89' lang='lat' dir='ltr'>hostium</span> <span class='ocrx_word' id='word_1_144' title='bbox 802 1821 1004 1900; x_wconf 81' lang='lat' dir='ltr'>expugnandis</span> <span class='ocrx_word' id='word_1_145' title='bbox 1020 1822 1051 1882; x_wconf 93' lang='lat' dir='ltr'>in</span> <span class='ocrx_word' id='word_1_146' title='bbox 1067 1822 1186 1902; x_wconf 88' lang='lat' dir='ltr'>proeliis</span> 
     </span>
     <span class='ocr_line' id='line_1_19' title="bbox 112 1905 1187 1985; baseline -0.001 -16"><span class='ocrx_word' id='word_1_147' title='bbox 112 1908 278 1980; x_wconf 87' lang='lat' dir='ltr'>cotidianis,</span> <span class='ocrx_word' id='word_1_148' title='bbox 291 1906 538 1985; x_wconf 89' lang='lat' dir='ltr'>quandocumque</span> <span class='ocrx_word' id='word_1_149' title='bbox 551 1907 611 1968; x_wconf 90' lang='lat' dir='ltr'>lors</span> <span class='ocrx_word' id='word_1_150' title='bbox 623 1905 777 1979; x_wconf 89' lang='lat' dir='ltr'>obtulerat,</span> <span class='ocrx_word' id='word_1_151' title='bbox 793 1905 1038 1984; x_wconf 88' lang='lat' dir='ltr'>procurrentibus</span> <span class='ocrx_word' id='word_1_152' title='bbox 1048 1916 1077 1966; x_wconf 90' lang='lat' dir='ltr'>et</span> <span class='ocrx_word' id='word_1_153' title='bbox 1088 1925 1187 1968; x_wconf 83' lang='lat' dir='ltr'>erum-</span> 
     </span>
     <span class='ocr_line' id='line_1_20' title="bbox 115 1990 1187 2073; baseline -0.002 -21"><span class='ocrx_word' id='word_1_154' title='bbox 115 1991 256 2073; x_wconf 88' lang='lat' dir='ltr'>pentibus</span> <span class='ocrx_word' id='word_1_155' title='bbox 278 1990 484 2052; x_wconf 76' lang='lat' dir='ltr'>Alexandrinis</span> <span class='ocrx_word' id='word_1_156' title='bbox 507 2010 626 2053; x_wconf 91' lang='lat' dir='ltr'>manum</span> <span class='ocrx_word' id='word_1_157' title='bbox 644 2034 651 2051; x_wconf 90' lang='lat'><strong>.</strong></span> <span class='ocrx_word' id='word_1_158' title='bbox 668 2036 675 2051; x_wconf 90' lang='lat'><strong>.</strong></span> <span class='ocrx_word' id='word_1_159' title='bbox 693 2036 700 2051; x_wconf 90' lang='lat'><strong>.</strong></span> <span class='ocrx_word' id='word_1_160' title='bbox 718 2036 725 2050; x_wconf 94' lang='lat'><strong><em>.</em></strong></span> <span class='ocrx_word' id='word_1_161' title='bbox 740 1991 953 2070; x_wconf 87' lang='lat' dir='ltr'>comprehendi</span> <span class='ocrx_word' id='word_1_162' title='bbox 975 1991 1099 2052; x_wconf 92' lang='lat' dir='ltr'>multum</span> <span class='ocrx_word' id='word_1_163' title='bbox 1115 2010 1187 2070; x_wconf 89' lang='lat' dir='ltr'>ope-</span> 
     </span>
     <span class='ocr_line' id='line_1_21' title="bbox 117 2075 1224 2155; baseline -0.002 -17"><span class='ocrx_word' id='word_1_164' title='bbox 117 2078 200 2138; x_wconf 89' lang='lat' dir='ltr'>ribus</span> <span class='ocrx_word' id='word_1_165' title='bbox 222 2122 229 2139; x_wconf 91' lang='lat'><strong>.</strong></span> <span class='ocrx_word' id='word_1_166' title='bbox 253 2122 260 2137; x_wconf 92' lang='lat'>.</span> <span class='ocrx_word' id='word_1_167' title='bbox 283 2121 291 2136; x_wconf 92' lang='lat'><strong>.</strong></span> <span class='ocrx_word' id='word_1_168' title='bbox 316 2121 323 2137; x_wconf 87' lang='lat'><strong><em>.</em></strong></span> <span class='ocrx_word' id='word_1_169' title='bbox 347 2086 376 2138; x_wconf 90' lang='lat' dir='ltr'>et</span> <span class='ocrx_word' id='word_1_170' title='bbox 398 2076 570 2138; x_wconf 90' lang='lat' dir='ltr'>ardentibus</span> <span class='ocrx_word' id='word_1_171' title='bbox 592 2076 695 2138; x_wconf 89' lang='lat' dir='ltr'>studiis</span> <span class='ocrx_word' id='word_1_172' title='bbox 716 2076 852 2149; x_wconf 91' lang='lat' dir='ltr'>militum,</span> <span class='ocrx_word' id='word_1_173' title='bbox 875 2094 931 2136; x_wconf 89' lang='lat' dir='ltr'>neo</span> <span class='ocrx_word' id='word_1_174' title='bbox 953 2075 1097 2155; x_wconf 84' lang='lat' dir='ltr'>divulgata</span> <span class='ocrx_word' id='word_1_175' title='bbox 1116 2075 1188 2137; x_wconf 73' lang='lat' dir='ltr'>(iae-</span> <span class='ocrx_word' id='word_1_176' title='bbox 1210 2085 1224 2136; x_wconf 83' lang='lat' dir='ltr'>t</span> 
     </span>
     <span class='ocr_line' id='line_1_22' title="bbox 117 2160 1187 2240; baseline -0.003 -15"><span class='ocrx_word' id='word_1_177' title='bbox 117 2163 190 2225; x_wconf 92' lang='lat' dir='ltr'>saris</span> <span class='ocrx_word' id='word_1_178' title='bbox 218 2163 346 2225; x_wconf 90' lang='lat' dir='ltr'>hortatio</span> <span class='ocrx_word' id='word_1_179' title='bbox 374 2160 514 2240; x_wconf 89' lang='lat' dir='ltr'>subsequi</span> <span class='ocrx_word' id='word_1_180' title='bbox 542 2161 692 2240; x_wconf 85' lang='lat' dir='ltr'>legionum</span> <span class='ocrx_word' id='word_1_181' title='bbox 722 2170 773 2221; x_wconf 91' lang='lat' dir='ltr'>ant</span> <span class='ocrx_word' id='word_1_182' title='bbox 799 2160 930 2221; x_wconf 88' lang='lat' dir='ltr'>laborem</span> <span class='ocrx_word' id='word_1_183' title='bbox 959 2171 1010 2222; x_wconf 92' lang='lat' dir='ltr'>aut</span> <span class='ocrx_word' id='word_1_184' title='bbox 1034 2162 1187 2240; x_wconf 86' lang='lat' dir='ltr'>pugnandi</span> 
     </span>
     <span class='ocr_line' id='line_1_23' title="bbox 117 2244 1187 2328; baseline -0.003 -18"><span class='ocrx_word' id='word_1_185' title='bbox 117 2258 235 2328; x_wconf 89' lang='lat' dir='ltr'>poterat</span> <span class='ocrx_word' id='word_1_186' title='bbox 256 2247 456 2326; x_wconf 86' lang='lat' dir='ltr'>cupiditatem,</span> <span class='ocrx_word' id='word_1_187' title='bbox 480 2257 513 2308; x_wconf 91' lang='lat' dir='ltr'>ut</span> <span class='ocrx_word' id='word_1_188' title='bbox 534 2246 626 2324; x_wconf 80' lang='lat' dir='ltr'>magis</span> <span class='ocrx_word' id='word_1_189' title='bbox 647 2244 816 2307; x_wconf 89' lang='lat' dir='ltr'>deterrendi</span> <span class='ocrx_word' id='word_1_190' title='bbox 838 2252 867 2306; x_wconf 89' lang='lat' dir='ltr'>et</span> <span class='ocrx_word' id='word_1_191' title='bbox 889 2245 1061 2306; x_wconf 88' lang='lat' dir='ltr'>continendi</span> <span class='ocrx_word' id='word_1_192' title='bbox 1077 2264 1093 2306; x_wconf 95' lang='lat' dir='ltr'>a</span> <span class='ocrx_word' id='word_1_193' title='bbox 1107 2246 1187 2326; x_wconf 87' lang='lat' dir='ltr'>peri-</span> 
     </span>
    </p>
   </div>
   <div class='ocr_carea' id='block_1_3' title="bbox 119 2394 1190 2668">
    <p class='ocr_par' dir='ltr' id='par_1_3' title="bbox 119 2394 1190 2532">
     <span class='ocr_line' id='line_1_24' title="bbox 204 2394 1190 2468; baseline -0.001 -19"><span class='ocrx_word' id='word_1_194' title='bbox 204 2396 273 2458; x_wconf 70' lang='lat' dir='ltr'>att</span> <span class='ocrx_word' id='word_1_195' title='bbox 300 2397 455 2447; x_wconf 86' lang='lat' dir='ltr'>contendere</span> <span class='ocrx_word' id='word_1_196' title='bbox 478 2400 512 2468; x_wconf 78' lang='grc' dir='ltr'>β,</span> <span class='ocrx_word' id='word_1_197' title='bbox 530 2398 666 2448; x_wconf 80' lang='lat' dir='ltr'>continere</span> <span class='ocrx_word' id='word_1_198' title='bbox 685 2395 783 2461; x_wconf 88' lang='lat' dir='ltr'>Lipsius</span> <span class='ocrx_word' id='word_1_199' title='bbox 807 2394 858 2447; x_wconf 92' lang='lat' dir='ltr'>und</span> <span class='ocrx_word' id='word_1_200' title='bbox 881 2395 989 2448; x_wconf 87' lang='lat' dir='ltr'>lurinins</span> <span class='ocrx_word' id='word_1_201' title='bbox 1093 2397 1190 2449; x_wconf 80' lang='lat' dir='ltr'>Caesar</span> 
     </span>
     <span class='ocr_line' id='line_1_25' title="bbox 119 2462 1103 2532; baseline 0 -16"><span class='ocrx_word' id='word_1_202' title='bbox 119 2466 214 2516; x_wconf 80' lang='lat' dir='ltr'>cedere</span> <span class='ocrx_word' id='word_1_203' title='bbox 233 2462 253 2507; x_wconf 90' lang='lat' dir='ltr'>V</span> <span class='ocrx_word' id='word_1_204' title='bbox 340 2467 363 2517; x_wconf 84' lang='lat'>4.</span> <span class='ocrx_word' id='word_1_205' title='bbox 381 2463 484 2532; x_wconf 78' lang='lat' dir='ltr'>(altra)</span> <span class='ocrx_word' id='word_1_206' title='bbox 502 2462 642 2516; x_wconf 77' lang='lat' dir='ltr'>beroaldus</span> <span class='ocrx_word' id='word_1_207' title='bbox 728 2466 752 2515; x_wconf 82' lang='lat'>5.</span> <span class='ocrx_word' id='word_1_208' title='bbox 771 2467 960 2530; x_wconf 77' lang='lat' dir='ltr'>tormentisque</span> <span class='ocrx_word' id='word_1_209' title='bbox 976 2465 1103 2530; x_wconf 66' lang='lat' dir='ltr'>mutant</span> 
     </span>
    </p>

    <p class='ocr_par' dir='ltr' id='par_1_4' title="bbox 120 2529 1187 2668">
     <span class='ocr_line' id='line_1_26' title="bbox 206 2529 1187 2596; baseline 0.001 -11"><span class='ocrx_word' id='word_1_210' title='bbox 206 2529 277 2592; x_wconf 68' lang='lat' dir='ltr'>ant</span> <span class='ocrx_word' id='word_1_211' title='bbox 303 2532 441 2594; x_wconf 81' lang='lat' dir='ltr'>affuerunt</span> <span class='ocrx_word' id='word_1_212' title='bbox 457 2531 507 2596; x_wconf 81' lang='lat' dir='ltr'>ur,</span> <span class='ocrx_word' id='word_1_213' title='bbox 543 2532 655 2593; x_wconf 75' lang='lat' dir='ltr'>fuerant</span> <span class='ocrx_word' id='word_1_214' title='bbox 676 2529 721 2582; x_wconf 74' lang='lat' dir='ltr'>&#39;l&#39;V</span> <span class='ocrx_word' id='word_1_215' title='bbox 808 2533 1015 2584; x_wconf 76' lang='lat' dir='ltr'>accensionesll</span> <span class='ocrx_word' id='word_1_216' title='bbox 1056 2533 1124 2586; x_wconf 89' lang='lat' dir='ltr'>Uber</span> <span class='ocrx_word' id='word_1_217' title='bbox 1146 2533 1187 2586; x_wconf 86' lang='lat' dir='ltr'>die</span> 
     </span>
     <span class='ocr_line' id='line_1_27' title="bbox 120 2599 1037 2668; baseline -0.002 -16"><span class='ocrx_word' id='word_1_218' title='bbox 120 2600 244 2666; x_wconf 87' lang='lat' dir='ltr'>doppelte</span> <span class='ocrx_word' id='word_1_219' title='bbox 263 2599 346 2652; x_wconf 78' lang='lat' dir='ltr'>delte</span> <span class='ocrx_word' id='word_1_220' title='bbox 365 2601 461 2666; x_wconf 87' lang='lat' dir='ltr'>sprlcht</span> <span class='ocrx_word' id='word_1_221' title='bbox 479 2601 626 2668; x_wconf 82' lang='lat' dir='ltr'>Nipperdey</span> <span class='ocrx_word' id='word_1_222' title='bbox 643 2616 668 2667; x_wconf 93' lang='lat' dir='ltr'>p.</span> <span class='ocrx_word' id='word_1_223' title='bbox 689 2602 745 2653; x_wconf 87' lang='grc'><strong>193.</strong></span> <span class='ocrx_word' id='word_1_224' title='bbox 798 2603 821 2655; x_wconf 84' lang='grc'><strong>2.</strong></span> <span class='ocrx_word' id='word_1_225' title='bbox 839 2602 996 2652; x_wconf 69' lang='lat' dir='ltr'>exhortatio</span> <span class='ocrx_word' id='word_1_226' title='bbox 1015 2601 1037 2650; x_wconf 87' lang='lat' dir='ltr'>V</span> 
     </span>
    </p>
   </div>
   <div class='ocr_carea' id='block_1_4' title="bbox 117 2735 1197 4026">
    <p class='ocr_par' dir='ltr' id='par_1_5' title="bbox 117 2735 1197 4026">
     <span class='ocr_line' id='line_1_28' title="bbox 154 2735 1192 2802; baseline -0.001 -14"><span class='ocrx_word' id='word_1_227' title='bbox 154 2735 630 2802; x_wconf 73' lang='lat' dir='ltr'>21,2.administrandiabsolutvgl.</span> <span class='ocrx_word' id='word_1_228' title='bbox 682 2735 792 2800; x_wconf 89' lang='lat' dir='ltr'>bunden,</span> <span class='ocrx_word' id='word_1_229' title='bbox 815 2736 937 2800; x_wconf 81' lang='lat' dir='ltr'>seriel,</span> <span class='ocrx_word' id='word_1_230' title='bbox 960 2750 994 2787; x_wconf 88' lang='lat' dir='ltr'>ao</span> <span class='ocrx_word' id='word_1_231' title='bbox 1022 2736 1095 2787; x_wconf 89' lang='lat' dir='ltr'>weit</span> <span class='ocrx_word' id='word_1_232' title='bbox 1122 2740 1192 2787; x_wconf 84' lang='lat' dir='ltr'>ent-</span> 
     </span>
     <span class='ocr_line' id='line_1_29' title="bbox 120 2802 1191 2871; baseline -0.003 -14"><span class='ocrx_word' id='word_1_233' title='bbox 120 2802 237 2867; x_wconf 71' lang='lat' dir='ltr'>tvans</span> <span class='ocrx_word' id='word_1_234' title='bbox 255 2803 411 2868; x_wconf 80' lang='lat' dir='ltr'>nequeatis</span> <span class='ocrx_word' id='word_1_235' title='bbox 428 2806 527 2854; x_wconf 82' lang='lat' dir='ltr'>nostris</span> <span class='ocrx_word' id='word_1_236' title='bbox 544 2802 631 2864; x_wconf 77' lang='lat' dir='ltr'>faent-</span> <span class='ocrx_word' id='word_1_237' title='bbox 683 2803 768 2854; x_wconf 85' lang='lat' dir='ltr'>lernt</span> <span class='ocrx_word' id='word_1_238' title='bbox 803 2803 886 2866; x_wconf 92' lang='lat' dir='ltr'>sein,</span> <span class='ocrx_word' id='word_1_239' title='bbox 921 2803 985 2855; x_wconf 85' lang='lat' dir='ltr'>wird</span> <span class='ocrx_word' id='word_1_240' title='bbox 1019 2803 1191 2871; x_wconf 74' lang='lat' dir='ltr'>regelmitsig,</span> 
     </span>
     <span class='ocr_line' id='line_1_30' title="bbox 120 2870 1193 2925; baseline 0.002 -2"><span class='ocrx_word' id='word_1_241' title='bbox 120 2878 164 2923; x_wconf 88' lang='lat' dir='ltr'>tas</span> <span class='ocrx_word' id='word_1_242' title='bbox 181 2871 449 2922; x_wconf 83' lang='lat' dir='ltr'>antadmtnistrande&#39;</span> <span class='ocrx_word' id='word_1_243' title='bbox 466 2877 515 2922; x_wconf 87' lang='lat' dir='ltr'>ant</span> <span class='ocrx_word' id='word_1_244' title='bbox 532 2873 631 2923; x_wconf 79' lang='lat' dir='ltr'>anan&#39;h‘·</span> <span class='ocrx_word' id='word_1_245' title='bbox 683 2886 757 2922; x_wconf 85' lang='lat' dir='ltr'>wenn</span> <span class='ocrx_word' id='word_1_246' title='bbox 785 2871 849 2923; x_wconf 85' lang='lat' dir='ltr'>awei</span> <span class='ocrx_word' id='word_1_247' title='bbox 876 2870 952 2923; x_wconf 79' lang='lat' dir='ltr'>Sdtae</span> <span class='ocrx_word' id='word_1_248' title='bbox 978 2872 1025 2924; x_wconf 89' lang='lat' dir='ltr'>mit</span> <span class='ocrx_word' id='word_1_249' title='bbox 1050 2877 1081 2922; x_wconf 87' lang='lat' dir='ltr'>nt</span> <span class='ocrx_word' id='word_1_250' title='bbox 1103 2871 1193 2925; x_wconf 76' lang='lat' dir='ltr'>darauf</span> 
     </span>
     <span class='ocr_line' id='line_1_31' title="bbox 119 2938 1193 3006; baseline -0.001 -13"><span class='ocrx_word' id='word_1_251' title='bbox 119 2940 190 2993; x_wconf 82' lang='lat' dir='ltr'>andi</span> <span class='ocrx_word' id='word_1_252' title='bbox 207 2939 329 2991; x_wconf 84' lang='lat' dir='ltr'>datatnr.</span> <span class='ocrx_word' id='word_1_253' title='bbox 683 2939 778 3006; x_wconf 77' lang='lat' dir='ltr'>folgen,</span> <span class='ocrx_word' id='word_1_254' title='bbox 795 2940 894 2992; x_wconf 86' lang='lat' dir='ltr'>neutral</span> <span class='ocrx_word' id='word_1_255' title='bbox 906 2938 967 2992; x_wconf 89' lang='lat' dir='ltr'>oder</span> <span class='ocrx_word' id='word_1_256' title='bbox 982 2940 1137 3005; x_wconf 89' lang='lat' dir='ltr'>impersonal</span> <span class='ocrx_word' id='word_1_257' title='bbox 1149 2956 1193 3006; x_wconf 79' lang='lat' dir='ltr'>ge·</span> 
     </span>
     <span class='ocr_line' id='line_1_32' title="bbox 154 3006 1193 3072; baseline -0.001 -11"><span class='ocrx_word' id='word_1_258' title='bbox 154 3009 232 3061; x_wconf 77' lang='lat' dir='ltr'>Giser</span> <span class='ocrx_word' id='word_1_259' title='bbox 255 3008 348 3059; x_wconf 85' lang='lat' dir='ltr'>mutate</span> <span class='ocrx_word' id='word_1_260' title='bbox 372 3010 421 3061; x_wconf 79' lang='lat'>200</span> <span class='ocrx_word' id='word_1_261' title='bbox 439 3010 502 3059; x_wconf 77' lang='lat' dir='ltr'>rom.</span> <span class='ocrx_word' id='word_1_262' title='bbox 521 3007 631 3060; x_wconf 88' lang='lat' dir='ltr'>Schritte</span> <span class='ocrx_word' id='word_1_263' title='bbox 683 3007 803 3072; x_wconf 86' lang='lat' dir='ltr'>breucht,</span> <span class='ocrx_word' id='word_1_264' title='bbox 831 3007 889 3059; x_wconf 85' lang='lat' dir='ltr'>weil</span> <span class='ocrx_word' id='word_1_265' title='bbox 915 3006 958 3059; x_wconf 89' lang='lat' dir='ltr'>der</span> <span class='ocrx_word' id='word_1_266' title='bbox 982 3016 1049 3060; x_wconf 85' lang='lat' dir='ltr'>erste</span> <span class='ocrx_word' id='word_1_267' title='bbox 1068 3007 1127 3060; x_wconf 87' lang='lat' dir='ltr'>Satn</span> <span class='ocrx_word' id='word_1_268' title='bbox 1146 3009 1193 3060; x_wconf 89' lang='lat' dir='ltr'>mit</span> 
     </span>
     <span class='ocr_line' id='line_1_33' title="bbox 119 3071 1192 3142; baseline 0.003 -16"><span class='ocrx_word' id='word_1_269' title='bbox 119 3078 182 3130; x_wconf 86' lang='lat' dir='ltr'>weit</span> <span class='ocrx_word' id='word_1_270' title='bbox 191 3075 367 3139; x_wconf 81' lang='lat' dir='ltr'>schwinrmen,</span> <span class='ocrx_word' id='word_1_271' title='bbox 380 3071 432 3141; x_wconf 80' lang='lat' dir='ltr'>vgl.</span> <span class='ocrx_word' id='word_1_272' title='bbox 443 3074 513 3127; x_wconf 89' lang='lat' dir='ltr'>Suet.</span> <span class='ocrx_word' id='word_1_273' title='bbox 523 3075 578 3128; x_wconf 84' lang='lat' dir='ltr'>biv.</span> <span class='ocrx_word' id='word_1_274' title='bbox 587 3075 633 3128; x_wconf 87' lang='lat' dir='ltr'>Ju-</span> <span class='ocrx_word' id='word_1_275' title='bbox 683 3081 715 3126; x_wconf 88' lang='lat' dir='ltr'>aet</span> <span class='ocrx_word' id='word_1_276' title='bbox 733 3075 841 3140; x_wconf 84' lang='lat' dir='ltr'>Subjeltt</span> <span class='ocrx_word' id='word_1_277' title='bbox 858 3091 916 3126; x_wconf 89' lang='lat' dir='ltr'>zum</span> <span class='ocrx_word' id='word_1_278' title='bbox 934 3075 1045 3128; x_wconf 88' lang='lat' dir='ltr'>Verbum</span> <span class='ocrx_word' id='word_1_279' title='bbox 1067 3077 1113 3142; x_wconf 90' lang='lat' dir='ltr'>ist,</span> <span class='ocrx_word' id='word_1_280' title='bbox 1137 3078 1192 3129; x_wconf 90' lang='lat' dir='ltr'>also</span> 
     </span>
     <span class='ocr_line' id='line_1_34' title="bbox 117 3141 1194 3214; baseline -0.002 -15"><span class='ocrx_word' id='word_1_281' title='bbox 117 3147 169 3199; x_wconf 87' lang='lat' dir='ltr'>lius</span> <span class='ocrx_word' id='word_1_282' title='bbox 187 3147 228 3197; x_wconf 82' lang='lat' dir='ltr'>ot.</span> <span class='ocrx_word' id='word_1_283' title='bbox 254 3142 300 3195; x_wconf 86' lang='lat' dir='ltr'>Die</span> <span class='ocrx_word' id='word_1_284' title='bbox 313 3141 423 3196; x_wconf 86' lang='lat' dir='ltr'>anderen</span> <span class='ocrx_word' id='word_1_285' title='bbox 436 3144 559 3209; x_wconf 75' lang='lat' dir='ltr'>hagaben</span> <span class='ocrx_word' id='word_1_286' title='bbox 573 3142 635 3198; x_wconf 91' lang='lat' dir='ltr'>Sue·</span> <span class='ocrx_word' id='word_1_287' title='bbox 685 3146 767 3206; x_wconf 86' lang='lat' dir='ltr'>abest,</span> <span class='ocrx_word' id='word_1_288' title='bbox 791 3145 886 3195; x_wconf 68' lang='lat' dir='ltr'>adnot</span> <span class='ocrx_word' id='word_1_289' title='bbox 908 3160 932 3196; x_wconf 88' lang='lat' dir='ltr'>u.</span> <span class='ocrx_word' id='word_1_290' title='bbox 950 3159 970 3196; x_wconf 84' lang='lat' dir='ltr'>s.</span> <span class='ocrx_word' id='word_1_291' title='bbox 989 3159 1022 3196; x_wconf 77' lang='lat' dir='ltr'>u.</span> <span class='ocrx_word' id='word_1_292' title='bbox 1044 3145 1194 3214; x_wconf 76' lang='lat' dir='ltr'>uotwendig</span> 
     </span>
     <span class='ocr_line' id='line_1_35' title="bbox 119 3209 1194 3278; baseline 0 -12"><span class='ocrx_word' id='word_1_293' title='bbox 119 3224 179 3266; x_wconf 88' lang='lat' dir='ltr'>tons</span> <span class='ocrx_word' id='word_1_294' title='bbox 202 3212 247 3264; x_wconf 86' lang='lat' dir='ltr'>hat</span> <span class='ocrx_word' id='word_1_295' title='bbox 270 3210 400 3263; x_wconf 83' lang='lat' dir='ltr'>llrumann</span> <span class='ocrx_word' id='word_1_296' title='bbox 422 3210 453 3263; x_wconf 94' lang='lat' dir='ltr'>lll</span> <span class='ocrx_word' id='word_1_297' title='bbox 470 3209 496 3263; x_wconf 91' lang='lat' dir='ltr'>S.</span> <span class='ocrx_word' id='word_1_298' title='bbox 519 3214 569 3264; x_wconf 84' lang='lat'>543</span> <span class='ocrx_word' id='word_1_299' title='bbox 591 3229 635 3264; x_wconf 88' lang='lat' dir='ltr'>zu·</span> <span class='ocrx_word' id='word_1_300' title='bbox 685 3212 778 3275; x_wconf 79' lang='lat' dir='ltr'>matht,</span> <span class='ocrx_word' id='word_1_301' title='bbox 791 3212 821 3263; x_wconf 86' lang='lat' dir='ltr'>de</span> <span class='ocrx_word' id='word_1_302' title='bbox 835 3212 960 3278; x_wconf 77' lang='lat' dir='ltr'>hingegen</span> <span class='ocrx_word' id='word_1_303' title='bbox 973 3211 1121 3266; x_wconf 83' lang='lat' dir='ltr'>deraweite</span> <span class='ocrx_word' id='word_1_304' title='bbox 1133 3214 1194 3267; x_wconf 78' lang='lat' dir='ltr'>Satn</span> 
     </span>
     <span class='ocr_line' id='line_1_36' title="bbox 122 3278 1194 3352; baseline 0.003 -20"><span class='ocrx_word' id='word_1_305' title='bbox 122 3279 325 3346; x_wconf 75' lang='lat' dir='ltr'>richgewiesen.</span> <span class='ocrx_word' id='word_1_306' title='bbox 367 3279 439 3332; x_wconf 89' lang='lat' dir='ltr'>Nacb</span> <span class='ocrx_word' id='word_1_307' title='bbox 462 3278 508 3331; x_wconf 86' lang='lat' dir='ltr'>llio</span> <span class='ocrx_word' id='word_1_308' title='bbox 533 3280 634 3332; x_wconf 84' lang='lat' dir='ltr'>Cassius</span> <span class='ocrx_word' id='word_1_309' title='bbox 684 3281 782 3352; x_wconf 73' lang='lat' dir='ltr'>mit,nt</span> <span class='ocrx_word' id='word_1_310' title='bbox 801 3295 850 3331; x_wconf 88' lang='lat' dir='ltr'>von</span> <span class='ocrx_word' id='word_1_311' title='bbox 873 3285 976 3331; x_wconf 88' lang='lat' dir='ltr'>tantam</span> <span class='ocrx_word' id='word_1_312' title='bbox 992 3281 1112 3348; x_wconf 74' lang='lat' dir='ltr'>abhingt</span> <span class='ocrx_word' id='word_1_313' title='bbox 1145 3283 1194 3335; x_wconf 80' lang='lat' dir='ltr'>uas</span> 
     </span>
     <span class='ocr_line' id='line_1_37' title="bbox 122 3347 1195 3416; baseline 0.001 -15"><span class='ocrx_word' id='word_1_314' title='bbox 122 3351 164 3410; x_wconf 79' lang='lat' dir='ltr'>m,</span> <span class='ocrx_word' id='word_1_315' title='bbox 176 3351 245 3412; x_wconf 84' lang='lat' dir='ltr'>to‚5</span> <span class='ocrx_word' id='word_1_316' title='bbox 264 3363 289 3400; x_wconf 88' lang='lat' dir='ltr'>u.</span> <span class='ocrx_word' id='word_1_317' title='bbox 303 3348 333 3398; x_wconf 78' lang='lat' dir='ltr'>t.</span> <span class='ocrx_word' id='word_1_318' title='bbox 352 3347 504 3400; x_wconf 86' lang='lat' dir='ltr'>erwischten</span> <span class='ocrx_word' id='word_1_319' title='bbox 522 3347 563 3400; x_wconf 92' lang='lat' dir='ltr'>die</span> <span class='ocrx_word' id='word_1_320' title='bbox 575 3348 635 3400; x_wconf 81' lang='lat' dir='ltr'>Ale·</span> <span class='ocrx_word' id='word_1_321' title='bbox 683 3347 795 3414; x_wconf 88' lang='lat' dir='ltr'>Beispiel</span> <span class='ocrx_word' id='word_1_322' title='bbox 812 3348 839 3399; x_wconf 91' lang='lat' dir='ltr'>in</span> <span class='ocrx_word' id='word_1_323' title='bbox 856 3347 884 3400; x_wconf 89' lang='lat' dir='ltr'>B.</span> <span class='ocrx_word' id='word_1_324' title='bbox 898 3347 970 3400; x_wconf 80' lang='lat' dir='ltr'>Alex.</span> <span class='ocrx_word' id='word_1_325' title='bbox 989 3350 1030 3415; x_wconf 78' lang='lat'>22,</span> <span class='ocrx_word' id='word_1_326' title='bbox 1047 3354 1058 3402; x_wconf 91' lang='lat'>1</span> <span class='ocrx_word' id='word_1_327' title='bbox 1079 3351 1113 3402; x_wconf 88' lang='lat' dir='ltr'>ist</span> <span class='ocrx_word' id='word_1_328' title='bbox 1130 3366 1195 3416; x_wconf 78' lang='lat' dir='ltr'>gana</span> 
     </span>
     <span class='ocr_line' id='line_1_38' title="bbox 121 3413 1192 3482; baseline 0 -15"><span class='ocrx_word' id='word_1_329' title='bbox 121 3413 566 3482; x_wconf 78' lang='lat' dir='ltr'>nandrinerGisarePurpurmantel</span> <span class='ocrx_word' id='word_1_330' title='bbox 581 3415 633 3468; x_wconf 93' lang='lat' dir='ltr'>und</span> <span class='ocrx_word' id='word_1_331' title='bbox 684 3416 868 3468; x_wconf 87' lang='lat' dir='ltr'>alleinstehend</span> <span class='ocrx_word' id='word_1_332' title='bbox 906 3417 931 3466; x_wconf 92' lang='lat' dir='ltr'>in</span> <span class='ocrx_word' id='word_1_333' title='bbox 967 3415 1011 3468; x_wconf 88' lang='lat' dir='ltr'>der</span> <span class='ocrx_word' id='word_1_334' title='bbox 1050 3419 1192 3470; x_wconf 78' lang='lat' dir='ltr'>romiscben</span> 
     </span>
     <span class='ocr_line' id='line_1_39' title="bbox 122 3480 1194 3549; baseline 0.005 -16"><span class='ocrx_word' id='word_1_335' title='bbox 122 3483 290 3541; x_wconf 85' lang='lat' dir='ltr'>verbrennten</span> <span class='ocrx_word' id='word_1_336' title='bbox 309 3483 352 3535; x_wconf 92' lang='lat' dir='ltr'>ihu</span> <span class='ocrx_word' id='word_1_337' title='bbox 372 3482 494 3536; x_wconf 86' lang='lat' dir='ltr'>leierlich.</span> <span class='ocrx_word' id='word_1_338' title='bbox 683 3480 825 3536; x_wconf 75' lang='lat' dir='ltr'>litteratur’</span> <span class='ocrx_word' id='word_1_339' title='bbox 851 3483 946 3549; x_wconf 88' lang='lat' dir='ltr'>Krebs,</span> <span class='ocrx_word' id='word_1_340' title='bbox 967 3485 1151 3538; x_wconf 83' lang='lat' dir='ltr'>Antibarbarus</span> <span class='ocrx_word' id='word_1_341' title='bbox 1172 3485 1194 3537; x_wconf 80' lang='lat'>1⁶</span> 
     </span>
     <span class='ocr_line' id='line_1_40' title="bbox 158 3548 1079 3618; baseline 0.004 -16"><span class='ocrx_word' id='word_1_342' title='bbox 158 3548 202 3612; x_wconf 77' lang='lat' dir='ltr'>al,</span> <span class='ocrx_word' id='word_1_343' title='bbox 220 3554 243 3602; x_wconf 80' lang='lat'>5.</span> <span class='ocrx_word' id='word_1_344' title='bbox 267 3551 470 3614; x_wconf 77' lang='lat' dir='ltr'>confirmarant.</span> <span class='ocrx_word' id='word_1_345' title='bbox 494 3552 570 3604; x_wconf 69' lang='lat' dir='ltr'>Cesar</span> <span class='ocrx_word' id='word_1_346' title='bbox 591 3567 634 3618; x_wconf 77' lang='lat' dir='ltr'>ge·</span> <span class='ocrx_word' id='word_1_347' title='bbox 686 3550 764 3604; x_wconf 76' lang='lat' dir='ltr'>sat.</span> <span class='ocrx_word' id='word_1_348' title='bbox 1077 3593 1079 3596; x_wconf 87' lang='lat'>-</span> 
     </span>
     <span class='ocr_line' id='line_1_41' title="bbox 124 3617 1195 3687; baseline 0.001 -18"><span class='ocrx_word' id='word_1_349' title='bbox 124 3617 232 3670; x_wconf 88' lang='lat' dir='ltr'>brancbt</span> <span class='ocrx_word' id='word_1_350' title='bbox 254 3618 278 3669; x_wconf 91' lang='lat' dir='ltr'>in</span> <span class='ocrx_word' id='word_1_351' title='bbox 307 3619 390 3671; x_wconf 84' lang='lat' dir='ltr'>dieser</span> <span class='ocrx_word' id='word_1_352' title='bbox 413 3619 565 3687; x_wconf 74' lang='lat' dir='ltr'>Bedeutung</span> <span class='ocrx_word' id='word_1_353' title='bbox 588 3621 633 3672; x_wconf 87' lang='lat' dir='ltr'>dae</span> <span class='ocrx_word' id='word_1_354' title='bbox 718 3625 750 3670; x_wconf 86' lang='lat' dir='ltr'>nt</span> <span class='ocrx_word' id='word_1_355' title='bbox 766 3657 773 3671; x_wconf 94' lang='lat'><strong>.</strong></span> <span class='ocrx_word' id='word_1_356' title='bbox 792 3659 798 3674; x_wconf 93' lang='lat'>.</span> <span class='ocrx_word' id='word_1_357' title='bbox 819 3656 826 3670; x_wconf 94' lang='lat'><strong>.</strong></span> <span class='ocrx_word' id='word_1_358' title='bbox 844 3635 955 3684; x_wconf 80' lang='lat' dir='ltr'>magnas</span> <span class='ocrx_word' id='word_1_359' title='bbox 979 3624 1139 3671; x_wconf 78' lang='lat' dir='ltr'>accessiones</span> <span class='ocrx_word' id='word_1_360' title='bbox 1155 3618 1195 3681; x_wconf 78' lang='lat' dir='ltr'>fe-</span> 
     </span>
     <span class='ocr_line' id='line_1_42' title="bbox 124 3684 1194 3755; baseline 0.003 -18"><span class='ocrx_word' id='word_1_361' title='bbox 124 3684 238 3751; x_wconf 85' lang='lat' dir='ltr'>Simplex</span> <span class='ocrx_word' id='word_1_362' title='bbox 256 3685 289 3737; x_wconf 91' lang='lat' dir='ltr'>Vl</span> <span class='ocrx_word' id='word_1_363' title='bbox 307 3690 348 3751; x_wconf 82' lang='lat'>29,</span> <span class='ocrx_word' id='word_1_364' title='bbox 369 3692 381 3741; x_wconf 90' lang='lat'>1</span> <span class='ocrx_word' id='word_1_365' title='bbox 400 3692 557 3755; x_wconf 75' lang='lat' dir='ltr'>magnisque</span> <span class='ocrx_word' id='word_1_366' title='bbox 575 3705 634 3740; x_wconf 86' lang='lat' dir='ltr'>eam</span> <span class='ocrx_word' id='word_1_367' title='bbox 685 3691 772 3738; x_wconf 77' lang='lat' dir='ltr'>aerim</span> <span class='ocrx_word' id='word_1_368' title='bbox 789 3687 839 3754; x_wconf 79' lang='lat' dir='ltr'>vgl.</span> <span class='ocrx_word' id='word_1_369' title='bbox 859 3691 899 3750; x_wconf 82' lang='lat'>48,</span> <span class='ocrx_word' id='word_1_370' title='bbox 920 3692 945 3750; x_wconf 77' lang='lat'>13</span> <span class='ocrx_word' id='word_1_371' title='bbox 964 3687 1074 3740; x_wconf 88' lang='lat' dir='ltr'>Plancus</span> <span class='ocrx_word' id='word_1_372' title='bbox 1092 3687 1143 3742; x_wconf 86' lang='lat' dir='ltr'>Cic.</span> <span class='ocrx_word' id='word_1_373' title='bbox 1162 3688 1194 3740; x_wconf 91' lang='lat' dir='ltr'>ad</span> 
     </span>
     <span class='ocr_line' id='line_1_43' title="bbox 123 3754 1196 3821; baseline 0.005 -18"><span class='ocrx_word' id='word_1_374' title='bbox 123 3754 211 3804; x_wconf 81' lang='lat' dir='ltr'>locum</span> <span class='ocrx_word' id='word_1_375' title='bbox 229 3757 421 3806; x_wconf 81' lang='lat' dir='ltr'>munitionibus</span> <span class='ocrx_word' id='word_1_376' title='bbox 437 3756 536 3819; x_wconf 82' lang='lat' dir='ltr'>firmat.</span> <span class='ocrx_word' id='word_1_377' title='bbox 684 3755 753 3807; x_wconf 80' lang='lat' dir='ltr'>Fam.</span> <span class='ocrx_word' id='word_1_378' title='bbox 786 3757 918 3820; x_wconf 81' lang='lat' dir='ltr'>to,18‚e</span> <span class='ocrx_word' id='word_1_379' title='bbox 954 3756 1081 3821; x_wconf 84' lang='lat' dir='ltr'>Magnam</span> <span class='ocrx_word' id='word_1_380' title='bbox 1116 3759 1196 3808; x_wconf 84' lang='lat' dir='ltr'>etiam</span> 
     </span>
     <span class='ocr_line' id='line_1_44' title="bbox 159 3821 1197 3890; baseline 0.001 -17"><span class='ocrx_word' id='word_1_381' title='bbox 159 3821 196 3873; x_wconf 90' lang='lat' dir='ltr'>ad</span> <span class='ocrx_word' id='word_1_382' title='bbox 207 3824 334 3874; x_wconf 86' lang='lat' dir='ltr'>mittenda</span> <span class='ocrx_word' id='word_1_383' title='bbox 347 3827 467 3890; x_wconf 81' lang='lat' dir='ltr'>navigia,</span> <span class='ocrx_word' id='word_1_384' title='bbox 486 3825 552 3877; x_wconf 87' lang='lat' dir='ltr'>oben</span> <span class='ocrx_word' id='word_1_385' title='bbox 565 3825 634 3877; x_wconf 87' lang='lat' dir='ltr'>steht</span> <span class='ocrx_word' id='word_1_386' title='bbox 683 3823 784 3890; x_wconf 80' lang='lat' dir='ltr'>perditi</span> <span class='ocrx_word' id='word_1_387' title='bbox 802 3826 888 3875; x_wconf 83' lang='lat' dir='ltr'>hostes</span> <span class='ocrx_word' id='word_1_388' title='bbox 902 3827 1077 3876; x_wconf 80' lang='lat' dir='ltr'>accessionem</span> <span class='ocrx_word' id='word_1_389' title='bbox 1094 3827 1146 3875; x_wconf 83' lang='lat' dir='ltr'>sibi</span> <span class='ocrx_word' id='word_1_390' title='bbox 1157 3822 1197 3885; x_wconf 77' lang='lat' dir='ltr'>fe-</span> 
     </span>
     <span class='ocr_line' id='line_1_45' title="bbox 123 3891 1195 3960; baseline 0.003 -19"><span class='ocrx_word' id='word_1_391' title='bbox 123 3891 236 3955; x_wconf 79' lang='lat' dir='ltr'>naoe&#39;ge&#39;a</span> <span class='ocrx_word' id='word_1_392' title='bbox 254 3929 262 3944; x_wconf 87' lang='lat'><strong>.</strong></span> <span class='ocrx_word' id='word_1_393' title='bbox 279 3927 286 3942; x_wconf 93' lang='lat'>.</span> <span class='ocrx_word' id='word_1_394' title='bbox 304 3895 421 3943; x_wconf 84' lang='lat' dir='ltr'>emittere</span> <span class='ocrx_word' id='word_1_395' title='bbox 441 3895 481 3957; x_wconf 85' lang='lat'>19,</span> <span class='ocrx_word' id='word_1_396' title='bbox 499 3896 522 3945; x_wconf 82' lang='lat'>5.</span> <span class='ocrx_word' id='word_1_397' title='bbox 685 3894 793 3956; x_wconf 80' lang='lat' dir='ltr'>cissent,</span> <span class='ocrx_word' id='word_1_398' title='bbox 815 3896 840 3942; x_wconf 85' lang='lat' dir='ltr'>st</span> <span class='ocrx_word' id='word_1_399' title='bbox 863 3909 929 3958; x_wconf 85' lang='lat' dir='ltr'>qaas</span> <span class='ocrx_word' id='word_1_400' title='bbox 951 3895 1041 3958; x_wconf 83' lang='lat' dir='ltr'>captas</span> <span class='ocrx_word' id='word_1_401' title='bbox 1059 3909 1075 3943; x_wconf 92' lang='lat' dir='ltr'>a</span> <span class='ocrx_word' id='word_1_402' title='bbox 1094 3893 1195 3960; x_wconf 84' lang='lat' dir='ltr'>Lepido</span> 
     </span>
     <span class='ocr_line' id='line_1_46' title="bbox 158 3955 882 4026; baseline 0.003 -14"><span class='ocrx_word' id='word_1_403' title='bbox 158 3956 204 4015; x_wconf 73' lang='lat'>22.</span> <span class='ocrx_word' id='word_1_404' title='bbox 225 3960 246 4012; x_wconf 89' lang='lat'>1.</span> <span class='ocrx_word' id='word_1_405' title='bbox 263 3955 375 4026; x_wconf 63' lang='lat' dir='ltr'>‘Abesse</span> <span class='ocrx_word' id='word_1_406' title='bbox 392 3961 439 4013; x_wconf 92' lang='lat' dir='ltr'>mit</span> <span class='ocrx_word' id='word_1_407' title='bbox 458 3966 560 4013; x_wconf 80' lang='lat' dir='ltr'>tantam</span> <span class='ocrx_word' id='word_1_408' title='bbox 579 3976 633 4014; x_wconf 86' lang='lat' dir='ltr'>ver·</span> <span class='ocrx_word' id='word_1_409' title='bbox 683 3961 882 4014; x_wconf 70' lang='lat' dir='ltr'>abstraxissent.</span> 
     </span>
    </p>
   </div>
   <div class='ocr_carea' id='block_1_5' title="bbox 179 4048 1044 4098">
    <p class='ocr_par' dir='ltr' id='par_1_6' title="bbox 179 4048 1044 4098">
     <span class='ocr_line' id='line_1_47' title="bbox 179 4048 1044 4098; baseline 0.005 -4"><span class='ocrx_word' id='word_1_410' title='bbox 179 4050 268 4094; x_wconf 86' lang='lat' dir='ltr'>Bellum</span> <span class='ocrx_word' id='word_1_411' title='bbox 282 4049 397 4097; x_wconf 74' lang='lat' dir='ltr'>Alexandr.</span> <span class='ocrx_word' id='word_1_412' title='bbox 1029 4048 1044 4098; x_wconf 85' lang='lat'><strong>2</strong></span> 
     </span>
    </p>
   </div>
   <div class='ocr_carea' id='block_1_6' title="bbox 0 0 1449 4572">
    <p class='ocr_par' dir='ltr' id='par_1_7' title="bbox 0 0 1449 4572">
     <span class='ocr_line' id='line_1_48' title="bbox 0 0 1449 4572; baseline 0 0"><span class='ocrx_word' id='word_1_413' title='bbox 0 0 1449 4572; x_wconf 95' lang='lat' dir='ltr'> </span> 
     </span>
    </p>
   </div>
  </div>
 </body>
</html>
