2860 4572
559 229 666 283 CAPUT
686 233 726 286 28.
740 234 780 286 29.
1077 233 1080 244 ’
1160 230 1200 290 23

127 405 171 466 lta
186 421 283 483 paene
298 401 353 464 sub
368 401 444 463 idem
460 410 578 482 tempus
600 412 629 465 et
646 422 697 464 rex
719 404 754 464 ad
770 403 997 483 opprimendum
1014 402 1199 464 Mithridaten

128 487 328 570 proficiscitur
350 494 379 547 et
399 487 504 549 Caesar
523 488 557 548 ad
580 488 794 568 recipiendum.
832 487 978 550 Celeriore
1001 488 1129 550 lluminis
1145 489 1202 550 Nili
1224 499 1244 556 2,

128 573 316 653 navigatione
338 591 390 632 rex
413 580 457 634 est
478 591 559 645 usus,
581 573 612 632 in
636 591 694 652 quo
717 591 851 653 magnam
875 581 905 634 et
924 583 1055 653 paratam
1078 573 1200 634 classem

128 658 264 720 hahebat.
298 657 403 719 Caesar
418 656 521 718 eodem
537 657 643 718 itinere
658 657 701 719 uti
716 658 819 732 noluit,
844 676 881 718 ne
896 658 1019 719 navibus
1033 658 1064 718 in
1079 658 1201 719 llumine

129 744 296 816 dimicaret,
320 742 371 803 sed
393 743 607 804 circumvectus
630 751 674 804 est
696 761 731 802 eo
754 742 842 817 mari,
871 743 950 820 quod
973 743 1087 804 Africae
1108 743 1201 823 partis

131 847 197 890 csse
219 828 339 900 dicitur,
362 827 448 889 sicuti
470 846 559 906 supra
582 828 861 901 demonstravimus;
889 827 972 906 prius
993 836 1100 888 tamem
1123 828 1203 906 regis

130 913 224 993 copiis
240 913 377 985 occurrit,
401 929 487 990 quam
504 912 530 973 is
545 912 731 974 Mithridaten
755 912 874 992 adgredi
888 921 998 993 posset,
1022 931 1149 992 eumque
1164 913 1207 975 ad.

128 1017 161 1060 se
183 997 322 1058 victorem
345 997 487 1059 incolumi
510 997 640 1058 exercitu
663 998 783 1077 recepit.
821 996 1001 1059 Consederat
1019 1015 1086 1058 cum
1110 999 1202 1077 copiis
1224 1007 1239 1056 a

128 1101 180 1144 rex
202 1082 269 1145 loco
292 1090 397 1143 natura
427 1082 557 1155 munito,
588 1082 667 1160 quod
690 1092 752 1142 erat
773 1082 836 1163 ipse
858 1082 1002 1144 'excelsior
1023 1082 1143 1161 planitie
1166 1101 1201 1144 ex

125 1166 268 1236 omuibus
282 1167 416 1248 partibus
430 1167 578 1243 subiecta3
596 1167 691 1228 tribus
705 1176 803 1228 autem
819 1187 856 1229 ex
869 1167 1011 1229 lateribus
1025 1167 1095 1228 varii
1111 1185 1202 1246 genc—
1223 1176 1238 1226 4

126 1253 169 1314 ris
190 1251 407 1314 munitionibus
421 1252 590 1331 tegebatur:
613 1270 706 1313 unum
721 1253 797 1314 latus
817 1261 879 1314 erat
901 1253 1070 1314 adiunctum
1087 1252 1202 1313 llumini

127 1338 211 1411 Nilo,
242 1337 366 1398 alterum
397 1337 556 1399 editissimo
585 1337 652 1398 loco
681 1338 816 1410 ductum,
847 1347 880 1399 ut
901 1347 1015 1418 partem
1038 1345 1200 1398 castrorum

126 1421 288 1496 obtineret,
311 1422 430 1483 tertium
451 1422 558 1502 palude
580 1421 763 1501 cingebatur.
805 1423 887 1484 lnter
908 1431 1003 1484 castra
1026 1432 1054 1484 et
1070 1422 1200 1484 Caesaris
1214 1427 1253 1484 29

126 1508 185 1568 iter
214 1507 324 1568 flumen
353 1507 556 1568 intercedebat
583 1516 740 1587 angustum
770 1508 916 1570 altissimis
944 1508 1034 1588 ripis,
1062 1509 1141 1586 quqd
1162 1508 1200 1590 ¹in

126 1593 227 1653 Nilum
248 1592 406 1666 influebat,
437 1591 539 1654 aberat
560 1601 656 1654 autem
680 1593 716 1654 ab
736 1594 814 1672 regis
836 1593 939 1655 castris
960 1593 1039 1653 milia
1061 1611 1202 1672 passuum

125 1678 247 1739 circiter
264 1676 322 1736 Vll.
346 1677 409 1738 Rex
424 1696 492 1738 cum
507 1679 564 1738 hoc
586 1679 692 1740 itinere
707 1679 808 1740 venire
825 1678 976 1740 Caesarem
999 1678 1201 1757 comperisset,
1224 1688 1239 1738 2

126 1763 291 1842 equitatum
314 1781 433 1824 omnem
456 1763 667 1842 expeditosque
696 1764 824 1825 delectos
845 1763 959 1842 pedites
981 1763 1017 1825 ad
1039 1763 1068 1823 id
1091 1763 1201 1824 flumen

126 1847 225 1921 misit,
253 1847 305 1926 qui
336 1849 461 1909 transitu
484 1848 636 1910 Caesarem
667 1848 860 1928 prohiberent
882 1858 911 1908 et
932 1848 1049 1909 eminus
1072 1866 1108 1908 ex
1129 1847 1202 1927 ripis

127 1933 273 2012 proelium
294 1933 390 2012 impar
405 1932 526 1994 inirent:
551 1933 664 1995 nullum
681 1934 761 1994 enim
774 1951 945 2012 processum
961 1933 1054 1994 virtus
1075 1931 1202 1993 habehat

126 2026 179 2078 aut
193 2018 357 2097 periculum
373 2018 488 2096 ignavia
506 2017 632 2079 subibat.
670 2018 751 2089 Quae
767 2037 814 2079 res
832 2018 964 2078 incendit
979 2018 1081 2078 dolore
1095 2017 1202 2092 milites
1224 2027 1239 2077 3

128 2103 302 2182 equitesque
318 2111 446 2178 nostros,
469 2103 547 2181 quod
563 2111 621 2164 tam
638 2102 686 2164 diu
702 2103 765 2182 pari
784 2103 897 2183 proelio
913 2121 980 2163 cum
996 2101 1201 2162 Alexandrinis

126 2197 302 2250 certaretur.
345 2188 447 2266 ltaque
476 2187 580 2248 eodem
608 2195 742 2267 tempore
771 2187 885 2266 equites
911 2187 1049 2248 Germani
1077 2185 1239 2265 dispersit

126 2273 199 2334 vada
222 2284 400 2352 quaerentes
424 2273 532 2353 partim
561 2272 780 2334 demissioribus
808 2272 880 2352 ripis
902 2273 1012 2334 llumen
1035 2280 1201 2346 tranarunt,

215 2455 260 2521 28,
278 2458 301 2508 2.
319 2461 349 2508 in
367 2473 419 2522 quc
432 2461 470 2578 p,
488 2460 518 2506 in
536 2472 588 2522 quo
606 2456 655 2508 mit
673 2455 850 2508 schlecbteren
868 2455 1007 2509 Haudschr.
1089 2461 1202 2508 circum·

128 2527 293 2588 occtm1ast]
311 2525 354 2576 FV

129 2593 177 2643 mit
196 2591 370 2644 schlcchtercn
388 2591 526 2645 Haudschr.
594 2594 711 2658 planitia
728 2591 802 2656 UFV,
819 2594 955 2659 planitiae
972 2593 993 2644 ‘l'
1074 2597 1098 2647 4.
1117 2597 1203 2644 uariis

124 2675 256 2725 geconem
300 2700 306 2722 ,
329 2663 415 2712 coriis
432 2676 531 2726 genere
549 2659 707 2712 schlechtere
724 2660 878 2724 Haudschr.,
899 2665 969 2713 varii
983 2665 1091 2727 generis
1109 2660 1202 2714 Oehler

129 2728 209 2794 prael.
227 2743 251 2794 p.
293 2729 313 2780 ll
364 2732 442 2792 (erat)
460 2729 593 2779 adiectum
610 2734 644 2800 β,
669 2730 799 2780 obiectum
817 2729 975 2782 schlechtere
993 2729 1130 2781 Haudschr.

126 2796 331 2916 ‹pidisttnctumtlh
350 2795 434 2915 Slchn,
452 2796 504 2913 vpl.
523 2799 726 2916 34ἰη41ἑῗῖἰοηιξ
739 2813 806 2862 quac
822 2799 931 2860 flumini
947 2802 1007 2848 erat
1023 2797 1151 2848 adiuncta

153 2867 893 3072 κζ2712412,[Ξῖνςαῖξύἐῗῦἷνὲσνὲἒῆονιῗΐοξιιῖσηΐπν,
909 2932 955 2983 mit
968 2931 1200 2997 ausgestrichenem

124 3017 153 3063 n,
264 3042 270 3054 .
325 3017 393 3067 aque
494 3017 528 3051 vc
548 3019 582 3055 a,
620 3017 739 3054 amenum
997 3023 1000 3029 ·

476 2523 633 2577 Considerat
649 2522 714 2576 Frv
766 2541 801 2576 cae
818 2526 895 2590 (loco)
913 2523 963 2589 UF,
984 2526 1011 2576 Ἰ·
1030 2542 1064 2576 ccc
1081 2523 1135 2590 TV,
1151 2542 1202 2576 rear

124 3155 196 3217 ter
217 3155 354 3204 moenibus
373 3155 466 3220 oppidi
471 3173 481 3218 ,·
500 3155 541 3218 30,
554 3156 570 3205 4
582 3168 638 3204 mc·
690 3168 732 3205 um
751 3152 800 3204 den
813 3151 862 3204 See
874 3150 994 3204 Mareotis
1013 3151 1109 3204 hemm.
1143 3150 1202 3218 Vgl.

123 3222 287 3282 niticnibcs;
316 3221 369 3273 biv.
388 3225 412 3284 9,
432 3225 471 3286 14,
490 3225 505 3276 9
523 3224 639 3273 hostium
690 3220 737 3273 bio
756 3221 858 3273 Cassius
877 3222 917 3285 42,
936 3223 977 3285 43,
996 3221 1019 3272 2.

124 3291 314 3352 πιυπίνηεηίίεῑ
332 3289 521 3354 Liv.10,34,5
539 3292 640 3341 moeni·
724 3288 807 3353 29,1.
824 3291 922 3352 flumen
946 3291 1091 3352 angustum
1109 3288 1143 3340 ist
1161 3289 1202 3340 eiu

125 3360 182 3408 hus.
211 3356 254 3408 Bei
265 3358 341 3408 Clisar
353 3356 433 3409 findet
445 3359 498 3410 sich
513 3358 557 3410 der
566 3356 640 3410 Dativ
692 3356 864 3409 Seitenlranal.

124 3425 209 3476 neben
225 3426 365 3477 succedere
383 3425 459 3477 nicht.
726 3428 749 3477 2.
768 3424 872 3476 nullom
889 3463 896 3478 .
915 3461 922 3476 .
942 3438 1093 3486 processum
1116 3425 1203 3473 uirtus

159 3491 238 3556 28,1’
253 3493 289 3544 ad
304 3495 577 3558 recipiendum=um
595 3492 640 3543 ihn
692 3495 804 3544 habebat
819 3518 853 3538 =
868 3487 919 3543 ‘dic
936 3490 1085 3558 Taplerlreit
1105 3489 1207 3563 konntc⁸

125 3576 158 3612 an
182 3561 237 3612 sich
259 3577 290 3613 zu
314 3561 417 3626 ziehen,
441 3562 493 3627 vgl.
517 3563 532 3626 ᾗ
551 3563 566 3614 2
586 3560 637 3613 und
689 3561 782 3612 keinen
796 3553 1028 3626 Erlolgerringen?
1057 3558 1202 3624 Cisarregt

125 3631 149 3692 3,
168 3632 192 3680 5.
689 3626 1083 3694 dalrirnihilproficerell1120‚
1099 3628 1202 3677 llud.

160 3698 183 3748 2.
211 3696 288 3748 Cbsar
314 3696 372 3762 lth
398 3697 544 3763 anlanglich
572 3696 637 3748 nach
723 3699 746 3748 4.
766 3701 865 3761 equites
885 3695 1017 3747 Germani.
1053 3691 1131 3744 Unter
1152 3693 1202 3745 den

125 3763 212 3827 Oeten,
226 3779 268 3816 um
281 3764 322 3816 die
332 3765 449 3832 hgypter
461 3781 492 3816 zu
507 3765 637 3828 tiuschen,
688 3763 816 3831 Truppen,
836 3765 876 3815 die
889 3764 965 3815 Cisar
982 3760 1063 3812 selbst
1077 3760 1124 3812 mit
1136 3761 1202 3814 nach

125 3833 229 3885 wandte
254 3833 307 3884 sich
333 3833 400 3884 dann
418 3834 478 3885 aher
496 3833 561 3884 nach
580 3833 637 3885 dem
689 3832 844 3884 Alexandria
871 3831 969 3894 ldhrte,
996 3828 1122 3880 belsnden
1147 3829 1203 3882 sich

124 3899 179 3968 Kap
201 3901 373 3953 Chersonesus
396 3903 446 3952 und
473 3900 637 3954 marschlerte
689 3898 845 3964 souuerse,
862 3899 913 3964 vgl.
934 3902 957 3963 3,
979 3899 1075 3962 106,1.
