2860 4572
244 293 283 352 bd
659 293 767 346 uleus
786 296 895 348 ult-uu

243 465 381 540 baberet,
410 464 561 544 cognitum
592 474 684 539 esset,
714 465 868 527 Marcellus
897 473 992 527 castra
1022 465 1133 527 Baetim
1163 467 1319 540 transfert,

245 550 409 629 crebroque
439 561 564 628 uterque
593 549 725 629 legiones
755 550 784 610 in
815 550 908 614 aciem
937 550 1053 626 educit;
1088 570 1184 630 neque
1212 560 1314 612 umen

192 639 228 698 01
245 635 414 712 confligitur
434 644 558 714 propter
573 634 708 696 locorum
730 634 924 697 difficultates.
968 636 1039 696 Erat
1053 636 1146 715 copiis
1168 635 1317 715 pedestri-

244 721 300 782 bus
322 719 414 781 multo
429 720 542 780 firmior
557 719 724 782 Marcellus:
747 720 873 781 habebat
888 720 966 781 enim
986 730 1140 782 veteranas
1155 721 1321 800 multisque

244 804 364 886 proeliis
393 813 527 884 expertas
554 805 696 882 legiones.
739 803 854 866 Cassius
881 806 948 866 fidei
977 806 1068 886 magis
1096 824 1185 884 quam
1213 806 1321 868 virtuti

208 897 223 947 2
243 891 395 970 legionum
411 889 586 951 confidebat.
623 890 736 969 ltaque,
757 908 825 955 cum
839 899 934 951 castra
949 891 1052 952 castris
1064 891 1181 952 ceulam
1204 901 1317 964 essent,

245 985 275 1038 et
295 975 449 1036 Marcellus
470 975 568 1036 locum
596 975 736 1041 idoneum
762 976 883 1036 ¹castello
905 976 1043 1055 cepisset,
1073 994 1131 1054 quo
1153 975 1319 1056 prohibere

244 1079 320 1140 aqua
343 1059 495 1122 Cassianos
517 1068 631 1139 posset,
658 1059 812 1139 Longinus
839 1060 965 1135 veritus,
994 1079 1032 1121 ne
1053 1077 1163 1139 genere
1186 1063 1321 1139 quodam

245 1145 407 1208 obsidionis
438 1145 624 1206 clauderetur
654 1145 684 1206 iu
714 1145 887 1224 regionibus
916 1145 1018 1207 alienis
1047 1145 1160 1224 sibique
1190 1146 1323 1220 infestis,

245 1239 336 1298 noctu
358 1230 474 1292 silentio
496 1248 532 1290 er
559 1230 662 1291 castris
690 1230 887 1309 proficiscitur
914 1231 1062 1308 celerique
1089 1230 1195 1291 itinere
1218 1231 1320 1292 Uliam

207 1321 221 1370 t
245 1315 413 1385 contendit,
443 1315 521 1392 quod
543 1315 599 1374 sibi
621 1314 705 1375 fidele
727 1334 791 1378 esse
819 1316 959 1396 oppidum
981 1315 1128 1378 credebat.
1172 1315 1216 1376 lbi
1238 1315 1320 1378 adeo

245 1401 404 1462 coniuncta
427 1399 511 1478 ponit
538 1399 695 1460 moenibus
723 1408 832 1472 castra,
861 1409 894 1462 ut
916 1409 947 1462 et
967 1401 1024 1461 loci
1046 1409 1150 1461 natura
1174 1408 1319 1480 (namque

245 1485 308 1546 Ulia
324 1483 455 1545 inedito
478 1492 579 1544 munte
596 1484 692 1563 posita
707 1488 763 1561 cst)
778 1496 807 1546 et
827 1485 890 1564 ipsa
905 1485 1070 1546 munitione
1084 1484 1167 1546 urbis
1182 1487 1320 1564 undique

208 1569 281 1631 tab
310 1568 531 1649 oppugnatione
558 1577 639 1630 tutus
668 1577 754 1630 esset.
799 1569 887 1631 Hunc
909 1571 1064 1632 Marcellus
1092 1571 1257 1650 insequitur
1285 1583 1321 1632 et

245 1673 332 1734 quam
355 1654 488 1733 proxime
508 1662 608 1732 potest
628 1653 722 1715 Uliam
744 1662 837 1715 castra
861 1656 962 1717 castris
984 1657 1101 1716 confert
1121 1656 1319 1734 locorumque

245 1740 362 1819 cognita
384 1748 497 1810 nutura,
520 1757 579 1818 quo
601 1739 726 1800 manime
748 1758 809 1800 rem
825 1741 970 1802 deducere
991 1740 1117 1813 volebat,
1140 1741 1324 1803 necessitate

245 1833 291 1888 est
311 1825 463 1898 deductus,
486 1833 519 1885 ut
540 1841 638 1902 neque
659 1825 833 1904 confligeret
853 1826 949 1900 (cuius
970 1825 995 1886 si
1017 1827 1059 1886 rei
1082 1827 1205 1890 facultas
1226 1835 1322 1899 esset,

244 1910 381 1972 resistere
404 1909 530 1970 incitatis
552 1908 692 1970 militibus
714 1929 774 1970 non
798 1913 925 1989 poterat)
948 1929 1046 1988 neque
1068 1911 1164 1990 vagari
1182 1911 1317 1973 Cassium

245 1996 332 2056 latius
354 2003 519 2074 pateretur,
545 2014 583 2055 ne
605 1994 705 2074 plures
728 1995 857 2055 civitates
879 2013 911 2055 ea
934 2005 1115 2075 paterentur,
1138 2015 1213 2075 quae
1234 1997 1319 2075 passi

209 2085 223 2134 t
246 2090 332 2141 erant
347 2079 562 2141 Cordubenses.
600 2079 732 2142 Castellis
752 2079 866 2142 idoneis
886 2081 960 2142 locis
974 2080 1135 2142 conlocatis
1158 2081 1319 2160 operibus-

247 2183 304 2244 que
325 2165 354 2225 in
371 2164 496 2225 circuitu
512 2163 612 2249 oppidi
633 2165 813 2226 continuatis
828 2163 922 2226 Uliam
937 2165 1125 2244 Cossiumque
1141 2166 1319 2227 munitioni·
1407 2221 1408 2242 p

245 2250 301 2310 bus
324 2250 435 2310 clausit.
479 2249 560 2320 Quae
582 2249 753 2329 priusquam
772 2251 996 2330 perficerentur,
1018 2251 1171 2330 Longinus
1194 2270 1320 2314 omnem
1407 2247 1408 2253 '

210 2387 212 2392 .
246 2353 332 2398 suum
349 2335 510 2412 equitatum
526 2335 635 2410 emisit;
658 2353 745 2413 quern
768 2335 824 2398 sibi
839 2337 905 2398 usui
927 2337 990 2396 fore
1012 2336 1158 2412 credebat,
1180 2336 1205 2397 si
1220 2336 1318 2416 pabu-

246 2420 299 2485 lari
317 2419 550 2496 frumentarique
565 2419 734 2482 Marcellum
750 2439 810 2482 non
826 2429 985 2501 pateretur,
1007 2439 1115 2498 magno
1130 2429 1227 2481 autem
1250 2423 1317 2482 fore

246 2503 466 2583 impedimento,
489 2503 513 2564 si
536 2503 651 2564 clausus
673 2504 826 2566 obsidione
849 2514 878 2565 et
892 2505 1003 2565 inutilis
1021 2504 1217 2566 necessarium
1241 2524 1317 2568 con·
1406 2511 1407 2518 ’

195 2592 233 2648 62
246 2597 376 2651 sumeret
397 2589 588 2649 frumentum.
632 2587 736 2649 Paucis
764 2588 868 2650 diebus
890 2589 925 2660 Q.
949 2588 1037 2650 Cassii
1060 2591 1164 2651 litteris
1187 2592 1318 2670 acceptis

246 2693 298 2736 rex
313 2673 412 2753 Bogus
427 2691 494 2733 cnm
511 2673 603 2753 copiis
617 2673 698 2734 venit
720 2673 910 2753 adiungitque
926 2674 952 2734 ei
970 2675 1088 2753 legioni,
1112 2693 1198 2755 quam
1213 2693 1316 2738 secum

331 2805 377 2869 60,
397 2808 419 2857 5.
437 2808 467 2855 a'n
485 2803 580 2856 ucieU
634 2804 747 2855 ducitv

332 2874 376 2934 61,
395 2877 418 2925 2.
437 2875 575 2925 conlocata
593 2874 745 2938 (collocate)
762 2875 795 2944 β,
813 2874 911 2924 collatu
929 2872 1073 2942 Stephanus
1143 2875 1315 2940 quoddum‘l'

298 2943 468 2994 clauderetur
485 2942 511 2992 in
530 2939 551 2992 'l'
569 2941 743 3005 nacbtriiglich
762 2945 787 2993 in
810 2942 963 2992 cluderetur
983 2941 1142 2994 verwandelt
1230 2943 1313 2998 Ullam

249 3011 308 3065 uua
326 3017 374 3062 etc.
393 3016 458 3062 stets
476 3009 501 3060 in
519 3013 548 3080 β,
568 3009 654 3063 Uliam
672 3009 829 3072 Giacconins‚
846 3010 899 3075 vgl.
917 3010 966 3062 GlL
982 3011 1003 3062 ll
1020 3027 1045 3076 p.
1059 3013 1109 3063 206
1171 3013 1194 3062 3.
1213 3012 1311 3063 estloet

247 3080 311 3143 (loci
328 3084 367 3128 est
385 3077 417 3143 V)
434 3080 467 3149 β,
492 3082 517 3127 et
539 3079 585 3128 mit
603 3078 672 3128 einer
690 3077 865 3130 schluchteren
884 3077 1022 3130 Handscbr.
1108 3083 1140 3128 ut
1156 3083 1215 3144 ipsu
1233 3083 1266 3151 β,
1287 3082 1315 3127 et

247 3151 305 3212 ipsa
318 3148 398 3198 Aldus
450 3146 487 3201 ad
503 3147 739 3212 (oppugnationem
757 3144 846 3208 VlTV
899 3149 922 3199 4.
941 3148 1050 3198 eductus
1069 3146 1119 3211 Ur,
1136 3147 1245 3198 edoctus
1261 3145 1317 3206 tv,

247 3216 376 3268 deductus
392 3213 539 3280 Nipperdey
625 3215 769 3279 confligere
786 3213 832 3265 TV
901 3231 931 3265 ea
945 3221 1107 3281 paterentur
1127 3217 1250 3267 ciuitates
1267 3214 1320 3278 Uf,

247 3286 369 3336 deitates
384 3298 416 3332 ca
429 3286 589 3347 paterentur
604 3280 649 3332 TV
733 3298 827 3347 pascue
844 3281 909 3332 FTV

332 3348 378 3415 62,
398 3354 419 3402 1.
442 3351 540 3401 Paucis
561 3351 653 3400 diebus
675 3350 705 3414 Q.
729 3350 814 3401 Cassii
837 3350 870 3415 F,
903 3352 999 3402 Pauus
1025 3350 1168 3416 diuumque
1192 3350 1263 3402 Caes.
1287 3349 1321 3415 U,

247 3421 394 3484 paucisque
411 3419 503 3469 diebus
514 3416 559 3468 TV
616 3423 641 3469 ei
658 3418 788 3482 legionesa
806 3455 852 3472 ...
871 3419 1069 3484 compluresque
1081 3421 1110 3488 β,
1128 3421 1153 3468 ei
1171 3419 1272 3484 legioni
1289 3455 1320 3470 ..

247 3488 395 3554 complures
411 3485 517 3538 lurinius

281 3622 325 3686 el,
339 3625 363 3677 2.
380 3619 437 3672 Ulia
450 3619 654 3688 (Montemayor),
672 3620 756 3673 trkm
842 3620 888 3684 cn,
902 3624 924 3673 l.
949 3619 994 3672 uie
1011 3619 1204 3674 llandscbriften
1222 3621 1320 3674 schrei-

248 3691 347 3745 slidlich
360 3705 409 3742 ron
423 3688 548 3750 Corduba,
563 3688 626 3740 wird
646 3688 674 3742 B.
686 3688 756 3755 Hisp.
807 3689 856 3742 beu
869 3689 918 3741 den
930 3687 1026 3740 Namen
1040 3689 1084 3741 des
1097 3689 1318 3742 mauretaniscben

247 3763 271 3824 3,
289 3761 305 3813 3
325 3773 414 3824 wegeu
432 3762 511 3810 steter
524 3756 608 3809 ‘freue
625 3758 756 3825 gerfihmt:
807 3757 904 3825 llonigs
917 3757 971 3809 hier
982 3757 1033 3808 und
1046 3757 1219 3822 623Bogus.
1239 3756 1318 3808 Diese

247 3843 305 3878 eam
323 3828 456 3878 ciuitatem
478 3827 551 3876 omni
572 3829 689 3893 ternpore
712 3842 757 3892 op·
807 3825 881 3877 roim
900 3825 946 3877 des
963 3823 1122 3877 Nominativs
1144 3824 1204 3876 wird
1227 3824 1319 3876 weder

248 3898 310 3945 tirno
328 3893 360 3944 de
376 3893 474 3959 populo
492 3893 611 3946 Romano
633 3897 757 3946 meritum
807 3893 885 3946 durch
904 3893 944 3945 die
962 3892 1070 3944 anderen
1090 3893 1169 3946 Casus
1185 3892 1320 3958 (Bogudis

248 3977 309 4012 esse.
329 3988 358 3998 —
380 3959 405 4014 S.
425 3958 523 4026 Stoffel,
539 3959 613 4014 Atlas
629 3962 664 4028 pl.
684 3965 725 4014 24.
808 3961 836 4012 B.
854 3961 907 4014 atr.
926 3964 967 4026 23,
988 3965 1013 4022 t;
1032 3961 1166 4026 Bogudem
1180 3961 1207 4014 Β.
1220 3960 1260 4014 ΑΙ.
1273 3963 1321 4025 59,
