2860 4572
531 280 638 333 CAPUT
658 282 765 335 58-60.
1139 280 1178 338 49

110 452 322 532 proconsulem
345 452 375 513 in
392 451 561 532 Hispaniam
584 452 751 514 citeriorem
768 453 863 526 mittit,
887 451 1017 515 subsidio
1039 453 1094 515 sibi
1109 471 1180 534 pro·

110 536 284 616 vinciaeque
307 537 437 599 Caesaris
459 555 545 599 causa
568 555 655 617 quam
678 539 805 617 primum
827 539 949 599 veniret.
993 537 1059 617 lpse
1081 539 1179 600 hostili

110 621 200 682 modo
230 621 463 684 Cordubensium
491 641 578 702 agros
605 631 713 698 vastat,
742 623 871 684 aedilicia
898 623 1039 684 incendit.
1089 623 1233 686 Cuiustllt

109 707 155 768 rei
177 706 362 768 deformitate
383 717 470 786 atque
487 708 659 788 indignitate
682 709 822 788 legiones,
845 727 919 787 quae
935 708 1102 770 Marcellum
1124 709 1180 770 sibi

107 791 218 853 ducem
239 803 388 872 ceperant,
411 793 445 853 ad
469 811 536 854 cum
559 802 785 868 concurrerunt,
808 795 885 854 utin
903 793 994 855 aciem
1017 793 1180 856 educeren-

109 887 171 952 tur,
194 878 334 956 priusque
356 878 535 958 confligendi
553 878 610 940 sibi
632 888 762 957 potestas
784 880 875 953 lieret,
898 897 986 958 quam
1008 896 1076 939 cum
1098 886 1181 939 tanta

108 962 289 1024 contumelia
315 962 511 1024 nobilissimae
537 964 762 1042 rarissimasque
784 964 986 1043 possessiones
1008 963 1180 1025 Corduben·

108 1046 188 1108 sium
203 1047 234 1107 iu
251 1058 412 1127 conspectu
428 1066 482 1109 suo
498 1049 618 1128 rapinis.
641 1050 721 1109 lerro
736 1049 909 1127 flammaque
923 1057 1179 1110 consumerentur.

109 1132 274 1205 Marcellus,
298 1151 365 1193 cum
388 1133 546 1213 confligere
565 1133 760 1194 miserrimum
776 1141 902 1213 putaret,
925 1134 1004 1212 quod
1019 1144 1049 1194 et
1063 1132 1181 1194 victoris
1203 1143 1217 1193 t

109 1227 139 1279 et
162 1217 230 1278 victi
253 1218 461 1279 detrimentum
477 1219 512 1279 ad
528 1219 655 1280 eundem
671 1218 824 1280 Caesarem
839 1229 917 1279 esset
935 1218 1179 1292 redundaturum,

109 1321 209 1381 neque
232 1320 301 1364 suae
323 1304 476 1382 potestatis
498 1322 571 1378 esse,
597 1304 729 1381 legiones
751 1304 861 1364 Baetim
882 1303 1008 1364 traducit
1029 1303 1179 1381 aciemque

108 1387 240 1448 instruit.
277 1387 350 1449 Cum
365 1387 481 1449 Cassius
500 1397 602 1450 contra
618 1406 672 1468 pro
688 1390 749 1450 suis
763 1389 866 1450 castris
881 1389 973 1449 aciem
995 1388 1182 1449 instruxisset
1202 1396 1217 1447 3

108 1472 176 1533 loco
199 1473 366 1551 superiore,
389 1491 473 1534 causa
496 1474 679 1553 interposita,
702 1475 779 1552 quod
796 1473 821 1534 is
842 1475 873 1534 iu
896 1492 1022 1552 aequum
1045 1492 1104 1534 non
1128 1473 1180 1534 de-

106 1557 274 1631 scenderet,
292 1557 445 1620 Marcellus
458 1559 597 1620 militibus
609 1559 773 1638 persuadet,
788 1569 821 1619 ut
835 1577 867 1619 se
879 1559 1022 1638 recipiant
1033 1558 1063 1619 iu
1075 1567 1179 1619 castra.

109 1642 213 1721 ltaque
235 1643 335 1722 copias
350 1643 492 1704 reducere
509 1645 614 1723 coepit.
652 1643 776 1715 Cassius,
800 1662 859 1722 quo
874 1644 953 1704 bono
976 1643 1089 1704 valebat
1103 1643 1181 1703 Mar·
1202 1650 1218 1701 4

109 1728 277 1807 callumque
293 1728 441 1789 infirmum
458 1747 522 1790 esse
544 1729 663 1799 sciebat,
686 1730 842 1808 adgressus
857 1729 986 1807 equitatu
1003 1728 1180 1807 legionarios

109 1832 141 1873 se
163 1812 341 1893 recipientes
362 1814 530 1893 complures
546 1814 719 1876 novissimos
741 1814 771 1874 in
790 1813 918 1875 lluminis
935 1813 1008 1892 ripis
1022 1813 1179 1876 interfecit.

111 1897 183 1958 Cum
199 1898 257 1958 hoc
272 1897 458 1970 detrimento,
481 1899 550 1978 quid
566 1900 708 1961 transitus
725 1899 855 1960 [luminis
869 1898 928 1958 vitii
944 1897 1180 1977 difficultatisque
1201 1903 1216 1953 5

194 2080 240 2145 59,
259 2083 282 2134 3.
298 2085 491 2148 provinciaque
508 2081 553 2132 TV
604 2086 708 2133 vastata
725 2079 771 2132 TV

194 2149 240 2211 69,
262 2153 283 2202 1.
303 2150 509 2216 lan'srimaeqao
526 2149 547 2200 Τ
629 2151 652 2202 ⁹2.
670 2153 785 2200 victores
802 2147 848 2200 TV
914 2153 1051 2214 potestatis
1067 2155 1134 2200 essct
1149 2153 1179 2220 β,

109 2222 163 2283 pot.
181 2234 237 2267 asae
256 2217 391 2269 Vielhaber
408 2218 530 2272 Zeitsclrr.
550 2217 567 2269 l.
581 2221 604 2270 ὁ.
618 2217 710 2335 den'
726 2219 791 2271 1869
805 2215 831 2268 S.
845 2219 894 2269 570
913 2217 959 2268 mit
976 2218 1046 2268 einer
1064 2217 1180 2272 sclrleclr·

110 2291 179 2338 tereu
198 2283 337 2337 Handsclrr.
408 2287 432 2338 3.
452 2286 570 2337 Carsium
588 2285 628 2336 FT
721 2287 881 2336 turta-unisse
896 2288 925 2355 β,
943 2288 1116 2336 instruxisset
1133 2289 1180 2339 mit

113 2353 285 2404 schleclrteren
306 2352 443 2405 llandsclrr.
513 2352 681 2419 quodnisi*
736 2356 766 2404 in
789 2351 923 2418 aqaumT
991 2355 1178 2420 reciperantl'

159 2420 322 2484 infirmiUl'
374 2439 427 2472 essa
439 2421 512 2485 FTV,
530 2425 559 2472 e'o
576 2423 621 2472 mit
634 2421 903 2486 sibergeschriebenem
916 2420 979 2472 adU
1031 2426 1055 2476 5.
1073 2425 1139 2487 qaid
1149 2423 1180 2487 Τ,

115 2492 157 2554 qai
174 2488 225 2551 UF,
245 2490 317 2554 quod
336 2489 356 2538 V
424 2492 466 2539 ati
483 2489 559 2555 ΗΠ,
577 2507 628 2541 usu
644 2493 688 2540 uti
706 2489 724 2539 F
776 2493 837 2540 uitii
855 2490 900 2540 mit
917 2489 987 2543 einer
1004 2491 1180 2544 schlechteren

118 2555 248 2610 llandsclrr.
301 2556 526 2623 difficultatesque
543 2562 571 2632 β,
591 2557 812 2624 difficultatisque

121 2723 148 2775 im
170 2725 246 2778 Osteu
270 2726 468 2790 (Caesariensis)
492 2726 621 2778 herrsclrte
672 2724 1179 2792 uorenlortsetzerundctsargarnicm.

122 2790 242 2859 Bocchus,
266 2794 299 2845 im
327 2793 365 2845 W.
386 2793 553 2859 (Tingitana)
572 2793 621 2845 Bo·
671 2793 728 2860 Vgl.
743 2794 793 2844 Cic.
812 2793 843 2844 de
861 2809 932 2858 prov.
946 2810 1014 2846 cous.
1032 2795 1182 2861 §dua-bem

123 2861 167 2924 gud
184 2864 283 2928 twegen
305 2861 350 2913 der
369 2861 545 2913 Namenslorm
569 2862 620 2928 rgl.
670 2863 866 2929 Byzantiorum
884 2863 1064 2914 ...hostilem
1081 2866 1111 2915 in
1128 2880 1182 2916 ma-

119 2929 159 2992 62,
172 2932 201 2994 ll
234 2929 320 2982 Dieser
337 2931 466 2981 bewihrte
484 2930 539 2981 sich
556 2933 621 2982 stets
671 2930 734 2980 dum
753 2946 806 2979 arsa
823 2934 956 2981 necatam.

118 2996 157 3048 als·
184 3004 263 3050 treuer
288 2998 425 3064 Anniuger
452 2998 541 3049 Cisars
569 2996 620 3048 und
705 2998 751 3061 69,
772 3003 793 3050 l.
817 2997 994 3048 nobilissimae
1016 3000 1181 3050 carissimae-

117 3066 212 3116 rerhalf
227 3067 278 3117 ihm
299 3066 338 3118 bei
354 3065 446 3118 Munda
465 3081 521 3116 zum
536 3064 619 3130 Sicge.
671 3082 721 3131 qua
731 3068 907 3131 passessiones
923 3066 974 3132 vgl.
987 3065 1036 3117 Cic.
1051 3082 1074 3132 p.
1087 3065 1180 3120 Roscio

117 3131 202 3198 Spater
227 3134 322 3186 schlols
347 3149 373 3185 er
395 3133 451 3184 sich
469 3149 500 3185 an
519 3132 552 3185 lu.
570 3134 621 3184 An·
672 3135 727 3184 Am.
743 3133 757 3198 ξ
771 3136 803 3186 99
822 3133 853 3184 da
870 3133 937 3184 XIII
951 3131 1046 3194 fundis
1063 3138 1117 3186 tres
1134 3153 1182 3188 no·

116 3203 196 3253 tonius
218 3218 248 3253 au
268 3203 318 3254 uud
337 3201 423 3253 wurde
441 3202 475 3253 im
493 3200 568 3253 Jahre
587 3203 618 3253 3l
671 3202 813 3252 bilissimas
833 3199 933 3261 fundos
952 3217 1011 3252 eum
1029 3203 1106 3254 video
1121 3221 1181 3270 pos·

116 3285 159 3320 von
179 3270 292 3336 Agrippa
311 3273 417 3334 getdtet.
671 3270 765 3320 sidera.
806 3267 854 3320 unr
880 3268 926 3320 das
951 3269 1044 3320 aweite
1068 3270 1181 3324 Attribut

139 3336 623 3404 ll.AemiliusLepidus‚derTrium·
674 3337 747 3388 wells
773 3337 815 3388 ich
840 3336 913 3387 einen
944 3338 1076 3404 sonstigen
1104 3338 1182 3408 Beleg

119 3406 156 3471 rlr,
175 3421 231 3458 war
248 3405 283 3457 im
301 3404 376 3457 Jahre
395 3408 428 3459 49
445 3422 469 3458 v.
488 3406 544 3457 Chr.
562 3403 621 3457 Prai-
672 3405 743 3458 nicht
760 3403 934 3457 aulaulirhren.

120 3471 165 3527 leit
187 3475 214 3526 in
232 3472 310 3534 Rorn;
334 3475 368 3524 irn
392 3473 526 3539 folgenden
545 3472 620 3525 Jahre
707 3475 731 3526 3.
749 3475 778 3523 in
796 3488 910 3538 aequum
927 3473 979 3539 vgl.
997 3471 1025 3525 B.
1039 3473 1109 3540 llisp.
1129 3478 1179 3540 6,l

118 3543 203 3596 erhielt
222 3557 249 3593 er
267 3541 308 3592 die
321 3541 486 3605 Verwaltuug
499 3540 544 3592 des
556 3541 621 3592 dies·
672 3544 702 3592 in
720 3557 833 3606 acquum
854 3541 1006 3604 deduceret,
1029 3541 1086 3594 ebd.
1106 3545 1146 3606 29,
1165 3547 1180 3598 3

117 3609 621 3678 seitigenSpanieusmitdemTiteleines
672 3613 702 3660 in
726 3625 838 3674 acquum
860 3645 867 3662 .
886 3647 893 3660 .
915 3610 1104 3675 praesumam
1129 3611 1181 3664 liu.

116 3675 284 3741 Ptolomais,
303 3677 361 3729 weil
379 3693 405 3728 er
426 3677 473 3728 den
497 3677 621 3728 Volksbe·
675 3681 697 3741 1,
719 3680 757 3740 12,
780 3680 792 3729 l
817 3693 872 3729 non
893 3680 970 3740 prim
991 3678 1184 3731 descenderunt

116 3747 217 3810 schluls,
231 3746 274 3797 der
284 3745 359 3797 Casas
371 3745 411 3796 die
421 3745 537 3797 llilrtatur
549 3746 622 3797 iuber-
672 3748 702 3796 in
721 3761 843 3810 aequam.
874 3745 949 3796 Cisar
962 3745 1018 3812 ldgt
1035 3745 1082 3799 das
1095 3746 1181 3800 Subst.

117 3821 176 3881 trag,
195 3812 387 3878 herbeigeiirhrt
405 3814 484 3865 hatte.
564 3822 568 3836 '
672 3815 746 3866 mana
763 3813 848 3867 lriuzu.

59 3905 60 3930 r
146 3882 195 3935 Das
214 3883 272 3946 Adj.
291 3883 394 3932 hastilis
417 3881 557 3946 gebraucht
577 3880 621 3933 der
705 3883 785 3932 vitii*
797 3882 849 3948 vgl.
870 3885 891 3945 l,
910 3883 979 3946 81,3
998 3883 1183 3934 animadversa

60 3969 62 4064 l

62 4213 64 4251 l

117 3946 179 4006 Veri.
199 3951 246 4004 des
264 3948 294 4001 B.
312 3949 383 4002 Alex.
408 3948 487 4014 diter,
511 3949 552 4002 die
577 3965 620 4001 au·
671 3952 736 4002 vitio
756 3954 914 4005 castrorum.

165 4042 254 4085 Bellum
267 4040 386 4084 Alexandr.
1015 4037 1031 4088 4
