2860 4572
597 232 704 285 CAPUT
722 235 763 287 64.
776 235 816 286 65.
1200 231 1240 290 53

113 428 114 431 “
172 405 303 468 fluminis
325 406 356 466 in
379 405 450 485 ipsis
475 404 622 479 faucibus,
646 423 712 466 curn
738 424 834 484 neque
856 405 974 465 flectere
997 423 1099 466 navem
1122 413 1243 484 propter

173 491 230 551 vini
258 490 388 552 fluminis
416 509 512 568 neque
542 490 689 551 derectam
719 491 808 552 tantis
837 489 975 551 lluetibus
1002 499 1105 552 tenere
1133 498 1243 570 posset,
1349 517 1355 528 ν

174 576 306 637 demersa
329 594 401 636 nave
422 575 517 655 periit.
1291 591 1296 623 t

261 661 334 722 Cum
348 663 377 721 in
392 661 504 740 Syriam
517 659 623 720 Caesar
637 677 673 719 ex
687 660 818 738 Aegypto
835 659 963 720 venisset
976 668 1064 737 atque
1079 659 1116 720 ab
1131 660 1176 733 iis,
1192 661 1243 740 qui
1257 662 1295 720 at>

175 745 267 806 Roma
286 755 428 807 venerant
442 746 477 805 ad
494 761 572 820 eum,
588 752 780 822 cognosceret
795 743 959 821 litterisque
974 743 1097 804 urbanis
1113 746 1244 807 animad-

175 838 302 891 verteret
325 831 415 890 multa
444 830 555 891 Romae
589 829 664 890 male
693 836 723 889 et
750 828 894 889 inutiliter
922 828 1118 890 administrari
1146 849 1244 910 neque

174 917 263 977 ubam
286 924 399 994 partem
416 915 595 994 reipublicae
610 914 679 976 satis
696 913 850 974 commode
872 913 945 992 geri,
968 913 1047 992 quod
1069 925 1099 975 et
1120 925 1245 978 conten-

163 1001 305 1062 tionibus
327 1000 494 1062 tribuniciis
516 999 701 1079 perniciosae
723 998 883 1060 seditiones
905 1007 1078 1071 orerentur,
1101 1010 1130 1060 et
1152 1000 1244 1061 ambi-

174 1086 256 1147 tione
285 1093 373 1165 atque
401 1085 584 1164 indulgentia
611 1084 799 1145 tribunorum
826 1083 950 1144 militum
978 1092 1009 1144 et
1034 1080 1173 1168 (eorum)
1195 1086 1246 1165 qui

174 1171 341 1250 legionibus
364 1178 521 1249 praeerant
549 1168 638 1230 multa
666 1176 770 1230 eontra
797 1187 912 1229 morem
940 1169 1246 1250 consuetudinemque
1280 1205 1283 1214 ·

175 1256 332 1317 militarem
354 1256 476 1328 fierent,
507 1273 582 1333 quae
610 1254 811 1316 dissolvendae
834 1253 1005 1333 disciplinae
1027 1255 1247 1334 severitatisque

177 1349 285 1414 esseut,
297 1359 390 1419 eaque
402 1340 499 1400 omnia
512 1341 641 1419 flagitare
652 1339 809 1399 adventum
821 1357 906 1400 suurn
918 1339 1037 1412 videret,
1049 1347 1145 1400 umen
1159 1358 1246 1420 prae·

176 1426 332 1486 ferendum
355 1424 537 1499 existimavit,
561 1442 632 1503 quas
654 1425 684 1484 in
704 1424 871 1502 provincias
892 1424 1089 1503 regionesque
1110 1426 1246 1502 venisset,

177 1529 227 1572 eas
255 1511 294 1570 ita
324 1510 494 1589 relinquere
527 1509 718 1582 constitutas,
753 1517 785 1569 ut
816 1508 984 1570 domesticis
1014 1509 1247 1572 dissensionibus
1293 1505 1298 1516 ⁶
1347 1565 1350 1571 .

176 1596 390 1669 liberarentur,
421 1595 485 1655 iura
514 1595 652 1673 legesque
681 1593 866 1673 acciperent,
899 1601 1090 1656 externorum
1119 1596 1247 1656 bostium

177 1690 289 1741 uictum
317 1681 512 1758 deponerent.
556 1679 634 1740 llaec
657 1679 688 1740 in
711 1678 811 1759 Syria,
841 1678 948 1749 Cilicia,
971 1679 1037 1739 Asia
1061 1681 1195 1740 celeriter
1216 1699 1248 1742 se
1269 1688 1285 1738 2

179 1766 383 1826 coniecturum
400 1765 544 1843 sperabat,
567 1765 647 1844 quod
669 1765 723 1825 hae
741 1764 909 1843 provinciae
932 1764 1013 1824 nullo
1030 1764 1106 1825 bello
1130 1783 1249 1844 preme-

178 1850 302 1924 bantur;
326 1850 355 1909 in
372 1849 506 1930 Bithynia
530 1867 564 1910 ac
586 1851 682 1910 Ponto
705 1849 773 1929 plus
795 1849 895 1910 oneris
918 1847 1033 1909 videbat
1055 1849 1110 1910 sibi
1133 1850 1248 1930 impen-

179 1935 256 1996 dere.
301 1935 366 1996 Non
397 1934 556 1996 excessisse
579 1935 658 1995 enim
681 1934 776 1994 Ponto
800 1934 970 1994 Pharnacen
995 1933 1131 1994 audiebat
1152 1943 1285 2013 nequet

178 2021 365 2081 excessurum
394 2019 532 2099 putabat,
564 2037 630 2080 curn
659 2018 790 2080 secundo
819 2018 931 2097 proelio
960 2020 1147 2080 vehementer
1173 2028 1250 2082 esset

179 2105 306 2178 inflatus,
328 2106 407 2183 quod
431 2113 535 2165 contra
550 2103 709 2165 Domitium
726 2102 875 2164 Calvinum
891 2104 1009 2165 lecerat.
1048 2104 1251 2168 Commoratus
1271 2112 1286 2163 4

178 2191 241 2250 fere
256 2190 288 2249 in
305 2189 444 2250 omnihus
459 2189 631 2262 civitatibus,
655 2207 731 2267 quae
745 2188 858 2249 maiore
872 2197 942 2249 sunt
957 2188 1107 2268 dignitate,
1122 2191 1252 2269 praemia

178 2274 256 2335 bene
285 2273 397 2334 meritis
419 2282 450 2334 et
476 2273 610 2353 privatim
634 2281 663 2334 et
690 2273 808 2353 publice
839 2272 954 2346 tribuit,
984 2273 1020 2333 de
1043 2275 1251 2337 controversiis

180 2358 327 2420 veteribus
349 2358 502 2438 cognoscit
523 2377 556 2419 ac
578 2358 694 2433 statuit;
721 2377 820 2439 reges,
843 2365 1001 2438 tyrannos,
1024 2360 1159 2440 dynastas
1181 2380 1252 2441 pro·
1273 2366 1288 2417 5

267 2491 312 2558 64,
331 2496 354 2544 b.
372 2508 465 2543 navem
483 2491 533 2558 Ul',
551 2497 641 2544 navim
658 2491 704 2543 TV
773 2493 901 2543 directum
920 2490 942 2541 V

266 2561 522 2632 65,1.hr'squist,
544 2565 579 2611 iis
662 2578 699 2612 re.
717 2561 747 2627 ᾖ.
765 2559 808 2612 UT
895 2562 1032 2612 commodo
1050 2565 1124 2628 egeri
1141 2561 1186 2613 Tv

182 2633 319 2682 orde-entur
336 2627 391 2680 F²V
477 2629 558 2680 indat·
578 2631 650 2680 entia
667 2633 700 2700 β,
724 2629 894 2695 indulgentia
917 2630 964 2680 init
985 2630 1056 2681 einer
1077 2629 1254 2682 schlechtereu

181 2697 319 2750 Handsehr.
407 2703 432 2747 et
448 2645 576 2764 <eorumt5
597 2697 689 2748 barsen
707 2714 732 2764 p.
755 2701 787 2750 25
874 2698 897 2747 2.
916 2697 997 2747 haeae
1015 2696 1051 2762 U,
1076 2698 1140 2749 heae
1157 2698 1175 2748 Τ

182 2765 294 2834 [plus]'l'
348 2766 371 2818 3.
390 2764 460 2817 Num
480 2769 620 2816 concessisse
638 2764 741 2816 enimU
794 2764 933 2816 Pharnace
952 2762 1018 2816 F'l'V
1070 2767 1093 2817 4.
1112 2768 1212 2815 uiritim
1224 2767 1253 2836 β,

179 2837 309 2903 privatim
327 2833 355 2886 R.
376 2831 452 2885 Scbn.
783 2835 786 2844 ’

182 2953 275 3020 llriege
294 2954 334 3004 idn
351 2953 392 3004 die
405 2952 596 3020 Erpressungen
610 2952 694 3004 seines
744 2951 840 3005 Liehte.
868 2951 927 3016 Vgl.
945 2951 987 3002 Vll
1006 2955 1046 3013 rt,
1061 2953 1091 3004 16
1104 2967 1171 3016 quae
1182 2951 1254 3013 (fini-

183 3022 347 3076 Statthalters
366 3022 466 3073 schwer
483 3021 582 3072 bulsen.
745 3023 810 3070 hmo
821 3019 1131 3085 Galliolinprouineium
1142 3019 1253 3071 redacta

215 3091 261 3155 66,
273 3094 294 3142 l.
305 3090 588 3154 littae-isqueurdanis:
600 3081 693 3140 ‘Briele
743 3089 804 3138 itere
822 3093 848 3137 et
862 3088 964 3154 legibue
977 3090 1144 3138 commutatis
1154 3091 1254 3138 nemri-

181 3173 228 3212 ans
245 3159 290 3210 der
309 3153 399 3209 Stadt’.
744 3157 917 3207 bussudieoto
926 3159 1255 3222 perpetuupaemiturser-

216 3243 284 3292 quae
296 3225 476 3276 dissolvendae
485 3223 643 3289 disciplinae
654 3240 692 3273 se·
742 3227 835 3274 vitute.

181 3297 355 3360 veritatisque
371 3297 470 3344 essent:
487 3285 551 3342 ‘was
569 3307 613 3342 zur
630 3291 692 3342 Aul·
777 3294 801 3344 2.
821 3290 940 3358 Bithynia
958 3289 1010 3342 und
1024 3289 1121 3342 Pontus
1139 3290 1253 3343 bildeteu

182 3359 580 3427 ldsungderstrengenDisciplin
590 3353 693 3425 diente',
746 3361 794 3412 seit
811 3359 867 3411 dem
881 3358 903 3411 J.
914 3360 946 3411 62
959 3374 983 3409 v.
997 3359 1052 3410 Chr.
1066 3359 1123 3410 eine
1137 3357 1254 3412 Provinz.

183 3430 235 3493 agl,
246 3430 295 3481 (lic.
308 3430 378 3482 Verr.
391 3432 415 3492 2,
428 3429 475 3480 132
489 3443 611 3493 quaeres
623 3444 696 3477 euer-
780 3429 803 3478 4.
822 3432 849 3477 et
862 3426 1012 3492 punctim*
1030 3431 1056 3476 et
1071 3427 1179 3492 publiea
1201 3428 1254 3493 vgl.

185 3496 279 3546 tendue
296 3499 458 3564 reipublicae
474 3497 560 3547 solent
576 3511 631 3545 esse
642 3495 695 3547 und
746 3497 769 3558 2,
788 3497 828 3558 21,
848 3498 862 3547 5
880 3495 981 3546 Eadem
998 3495 1104 3545 ratione
1125 3497 1255 3560 privatim

183 3561 287 3616 lluhuer
302 3565 374 3618 Ausi.
393 3565 434 3618 Gr.
451 3565 472 3616 ll
490 3562 516 3615 S.
536 3565 585 3616 552
603 3564 627 3614 h.
746 3578 778 3612 ae
797 3565 904 3628 publice
926 3562 1083 3628 quibusdum
1101 3565 1255 3614 civitatibus

199 3634 281 3692 ,iura
303 3634 422 3699 legesque
449 3634 613 3698 acciperent:
639 3628 695 3682 ‘der
745 3633 845 3682 habitis
862 3634 1014 3682 honoribus.

184 3699 326 3751 rdnrischen
362 3700 508 3752 Herrsehalt
544 3699 695 3751 einverleibt
780 3701 803 3754 5.
815 3715 899 3766 reges,
912 3703 1050 3766 tgr-annos,
1062 3699 1190 3765 dynastae
1202 3699 1255 3764 vgl.

183 3768 305 3818 wdrden’.
333 3767 386 3819 llen
405 3767 608 3820 unterworlenen
623 3766 694 3818 Staa·
745 3769 769 3830 3,
783 3769 806 3829 3,
820 3769 835 3818 2
847 3770 1007 3834 regibusque
1026 3769 1146 3817 omnibus
1164 3771 1190 3817 et
1206 3767 1254 3834 dg-

184 3839 226 3886 ten
252 3835 367 3887 ersehieu
389 3836 458 3888 diese
476 3836 694 3902 nulgezwungene
744 3839 845 3898 noenu
864 3839 888 3901 3,
900 3837 972 3901 31,2
991 3837 1143 3886 civitatibus
1162 3841 1255 3902 tgr-un-

185 3903 307 3970 Ordnung
331 3904 457 3956 naturlieh
475 3905 513 3956 ott
530 3904 556 3956 in
575 3903 693 3956 enderern
744 3906 845 3970 nisque.
