2860 4572
263 258 303 316 20
686 258 794 312 untur
813 263 854 315 25.
868 263 908 314 26.

262 450 343 494 suam
359 431 481 492 classem
503 430 585 492 iubet
600 431 730 511 expediri
745 439 833 510 atque
848 432 964 494 instrui.
1002 433 1137 496 Praefieit
1157 434 1226 495 hnic
1241 432 1329 494 Tibe·

262 517 339 578 rium
368 517 525 577 Neronem.
577 516 809 578 Proficiseuntur
838 517 867 577 in
900 535 933 577 ea
963 517 1054 578 classe
1085 519 1214 580 Rhodiae
1243 537 1332 580 naves

263 611 349 680 atque
377 601 407 661 in
436 601 482 662 his
504 600 696 680 Euphranor,
726 601 789 662 sine
817 620 876 679 quo
905 601 984 662 nulla
1014 621 1154 682 umquam
1183 604 1332 666 dimicatio

224 698 239 748 4
261 685 412 758 maritima,
436 687 515 747 nulla
532 687 618 748 etiam
634 703 737 767 parum
754 686 876 748 feliciter
891 688 1026 748 conlecta
1041 699 1112 749 erat.
1149 690 1187 750 At
1202 691 1331 761 fortuna,

261 790 336 850 quae
359 771 533 851 plerumque
557 791 624 846 eos,
648 789 722 850 quos
744 771 878 850 plurimis
900 772 1050 833 benefieiis
1072 775 1194 847 ornavit,
1218 774 1254 834 ad
1275 773 1333 834 du·

261 856 370 918 aionem
392 875 493 918 casum
521 865 664 929 reservat,
694 857 881 935 superiorum
911 866 1079 935 temporum
1101 859 1248 920 dissimilis
1271 858 1333 920 lla·

223 941 438 1021 ophranorem
468 941 712 1022 prosequebatur.
763 941 835 1002 Nam
863 960 931 1003 eum
959 943 994 1002 ad
1024 941 1176 1022 Canopum
1208 952 1333 1004 rentum

260 1035 345 1102 esset,
369 1028 571 1106 instructaque
594 1027 742 1106 utrimque
760 1026 860 1088 classis
874 1026 1061 1099 constitisset,
1085 1037 1114 1088 et
1128 1047 1180 1090 sua
1203 1045 1333 1088 consue·

259 1112 361 1173 tudine
376 1112 555 1192 Euphranor
569 1112 683 1190 primus
698 1111 843 1191 proelium
860 1111 1054 1173 commisisset
1068 1121 1098 1173 et
1113 1112 1332 1190 quadriremem

260 1197 388 1258 hostium
404 1197 581 1276 perforasset
596 1215 630 1257 ac
648 1197 845 1270 demersisset,
869 1197 1030 1277 proximam
1047 1197 1164 1275 longius
1179 1197 1333 1260 insecutus

260 1300 364 1360 parum
380 1282 516 1343 celeriter
532 1281 758 1360 insequentibus
776 1282 898 1358 reliquis
920 1282 1137 1343 circumventus
1152 1281 1189 1342 ab
1204 1280 1333 1342 Alexan-

221 1377 237 1426 6
260 1367 351 1427 drinis
374 1377 426 1428 est.
471 1366 523 1431 Cui
546 1366 708 1428 subsidium
731 1385 819 1428 nemo
842 1367 917 1440 tulit,
940 1367 999 1428 sive
1023 1367 1102 1445 quod
1125 1367 1238 1445 inipso
1260 1366 1334 1428 satis

260 1451 396 1530 praesidii
418 1470 473 1531 pro
495 1452 602 1512 virtuto
623 1470 657 1512 ae
673 1451 810 1513 felicitate
832 1452 895 1513 eius
911 1460 1051 1531 putarent
1072 1471 1147 1522 esse,
1168 1451 1228 1513 sive
1251 1452 1333 1529 quod

259 1535 314 1614 ipsi
336 1536 391 1597 sibi
414 1537 566 1598 timebant.
610 1534 652 1596 lta
675 1537 725 1616 qui
748 1553 827 1598 uuus
847 1554 882 1596 ex
905 1536 1044 1598 omnibus
1066 1556 1101 1598 ea
1116 1536 1230 1616 praelio
1253 1535 1334 1598 hene

258 1638 320 1680 rem
343 1621 441 1700 gessit,
464 1622 545 1683 solus
567 1639 634 1682 aum
657 1639 709 1682 sua
731 1620 910 1699 quadriremi
931 1622 1051 1682 victrice
1074 1621 1169 1701 periit.

206 1712 256 1768 26³
346 1707 407 1767 Sub
423 1707 499 1768 idern
522 1715 638 1786 tempus
654 1706 835 1768 Mithridates
850 1706 1057 1784 Pergamenus,
1079 1724 1204 1784 magnae
1224 1705 1334 1766 nobili-

258 1791 325 1852 tatis
346 1791 424 1852 domi
447 1791 645 1871 scientiaeque
668 1792 697 1851 in
722 1791 798 1852 bello
822 1799 850 1851 et
871 1791 1003 1862 virtutis,
1033 1791 1099 1851 fidoi
1122 1791 1334 1870 dignitatisque

258 1875 287 1936 ia
311 1877 437 1937 amicitia
460 1876 599 1948 Caesaris,
626 1877 732 1937 missus
754 1876 784 1936 in
808 1875 920 1956 Syriam
944 1875 1132 1954 Ciliciamque
1155 1876 1239 1936 initio
1261 1875 1333 1936 belli

258 1961 446 2022 Alexandrini
462 1963 497 2022 ad
514 1961 618 2022 auxilia
634 1961 808 2022 arcessenda
827 1979 893 2022 enm
910 1961 1025 2040 magnis
1040 1961 1141 2040 copiis,
1165 1979 1237 2039 quas
1253 1961 1332 2022 cele-

258 2046 330 2108 riter
358 2056 387 2108 et
415 2047 645 2127 propensissime
674 2045 831 2108 civitatium
861 2043 1011 2106 intonare
1041 2055 1071 2107 et
1098 2065 1150 2108 sua
1180 2045 1333 2124 diligentia

343 2211 388 2277 25,
407 2217 431 2268 3:
449 2229 531 2264 unam
548 2214 677 2277 (classem)
688 2216 718 2284 p,
734 2228 811 2264 suam
826 2211 972 2280 Nipperdey
987 2228 1010 2278 p.
1026 2213 1073 2264 193
1128 2211 1271 2280 Tyberiam
1283 2209 1330 2261 TV

309 2284 333 2333 4.
348 2285 558 2347 persequebatur
576 2281 598 2330 V
667 2287 691 2334 5.
710 2283 877 2344 eanfliaissst
892 2283 921 2351 β,
942 2283 1103 2332 constitisset
1120 2277 1223 2331 Fischer
1239 2277 1330 2346 Progr.

258 2347 354 2400 Passau
375 2352 439 2402 1880
458 2349 483 2401 S.
505 2352 544 2404 15.
630 2349 720 2400 atilli
743 2353 876 2399 triremem
893 2351 927 2420 β,
950 2353 976 2398 ei
1003 2347 1198 2414 quadriremem
1222 2351 1278 2412 (aus
1304 2353 1332 2398 et
1399 2345 1400 2359 ¹

258 2417 554 2482 llllrsmern)bi1bner
637 2417 821 2483 persanassent
839 2417 1113 2485 cenomannense,
1132 2415 1176 2467 der
1194 2415 1264 2481 Sing.
1283 2417 1331 2467 mit

256 2485 328 2537 einer
339 2485 486 2537 sclrlechten
500 2483 637 2538 llandschr.
689 2488 745 2547 [est]
760 2483 824 2535 Ull'l'
888 2487 912 2538 6.
931 2485 1065 2552 nequest,
1082 2484 1125 2534 Ita
1138 2486 1185 2550 qui
1200 2482 1232 2536 M.
1245 2483 1332 2551 llanpt
1397 2527 1398 2539 .

306 2557 381 2619 perit
398 2557 427 2624 β,
442 2555 528 2619 periit
544 2552 609 2604 nach
628 2552 806 2604 scblechteren
825 2551 964 2602 llandsclrr.

342 2620 388 2684 26,
408 2626 429 2674 l.
449 2621 602 2671 Mitridates
618 2624 639 2690 β
655 2613 745 2686 ‘prope
763 2611 918 2671 constanter'
935 2618 1038 2670 Ddbner
1123 2621 1211 2669 missis
1228 2617 1274 2669 'l'V

255 2691 408 2740 ciuitatium
420 2688 492 2750 UF'l,
511 2690 651 2740 ciuitatum
666 2687 698 2748 V;
719 2687 770 2753 vgl.
789 2689 829 2746 uo,
843 2690 858 2740 3
877 2689 1028 2737 ciuitatium
1046 2685 1096 2751 UF,
1114 2690 1253 2737 civitatum
1269 2685 1331 2750 ru,
1395 2685 1396 2717 l

258 2755 286 2810 B.
304 2757 357 2811 Alr.
377 2753 417 2822 26,
435 2760 451 2809 6
470 2758 621 2808 ciuitatium
638 2755 689 2820 Ul',
709 2758 848 2806 civitatum
864 2753 924 2815 TV;
946 2755 997 2821 vgl.
1015 2753 1111 2807 Measel
1131 2754 1190 2807 Lex.
1209 2755 1218 2806 l
1236 2770 1260 2821 p.
1280 2757 1331 2808 543
1394 2763 1395 2807 l

292 2912 316 2961 4.
345 2907 420 2961 Mese
451 2907 697 2972 Weltanschaunng,
726 2907 767 2958 ein
819 2909 877 2972 sagt
894 2920 981 2971 sogor:
1001 2908 1078 2957 Pater
1092 2905 1190 2970 Tiberi,
1207 2912 1333 2972 quaestor

255 2976 441 3028 Glaubenssata
476 2975 521 3027 der
559 2974 767 3041 mittelmdlsigen
820 2974 848 3026 0.
856 2974 1169 3026 CaesarisAleoeandr-ina
1179 2974 1333 3026 dslbclassi

254 3044 369 3106 Gelster,
392 3045 425 3096 ist
442 3044 520 3095 Gisar
537 3043 629 3103 iremd;
652 3043 690 3095 aie
714 3048 768 3095 ent·
815 3045 993 3108 praepositas,
1016 3042 1165 3109 plurimum
1191 3042 1228 3095 ad
1248 3046 1332 3095 uicto-

259 3112 355 3179 spricht
368 3111 411 3163 der
424 3110 580 3177 Aallassung
598 3112 643 3162 des
654 3109 767 3164 Velleius
818 3113 889 3161 riam
907 3111 1025 3162 contulit.

258 3180 310 3230 und
331 3179 445 3232 Valerius
463 3178 602 3242 Maximus,
626 3180 666 3231 bei
685 3179 767 3231 denen
852 3177 935 3241 261.
958 3179 1150 3243 dignitatisque
1174 3176 1223 3243 ugl.
1249 3180 1296 3242 68,
1316 3180 1330 3230 3

257 3247 314 3299 sich
331 3248 396 3300 auch
414 3247 556 3300 zahlreicbe
575 3246 702 3314 Beispiele
721 3245 768 3298 fln-
819 3250 901 3298 ueteri
917 3248 1033 3312 bospitio
1046 3251 1125 3312 atqua
1137 3246 1331 3311 amicitiaqdi-

258 3313 317 3380 den,
329 3315 491 3368 walcherum
503 3313 618 3366 Beweise
629 3313 771 3367 derWalu·
818 3317 923 3379 gaitati
940 3318 1074 3380 aetatique
1092 3316 1213 3368 bominis.

260 3385 314 3436 lreit
331 3384 421 3436 dienen
439 3384 530 3436 sollen.
854 3386 1061 3448 propensissime
1075 3421 1081 3434 .
1094 3420 1101 3434 .
1114 3385 1258 3434 uoluntate.
1281 3382 1331 3435 Das

294 3455 317 3505 6.
335 3455 390 3503 siaa
408 3452 479 3517 quod
493 3488 499 3503 .
512 3487 519 3503 .
532 3488 538 3502 .
551 3454 687 3516 putarent.
722 3448 771 3500 Der
824 3449 895 3502 Wort
915 3467 1063 3517 propensus
1084 3450 1182 3502 kommt
1199 3453 1272 3502 sonat
1290 3451 1330 3502 bei

260 3519 327 3573 Veri.
341 3519 439 3572 taletas
453 3517 642 3584 daningestellt,
654 3518 688 3569 ob
701 3516 771 3570 disse
823 3518 899 3570 Gdsar
924 3517 973 3570 und
1000 3519 1048 3571 den
1072 3517 1232 3570 Fartsetzern
1260 3517 1331 3570 nieht

259 3588 365 3654 Angabe
387 3587 431 3639 der
447 3586 600 3651 Beteiligten
619 3584 664 3637 der
685 3585 772 3638 Wahr·
823 3603 876 3651 vor,
898 3587 950 3653 vgl.
969 3587 1019 3638 Cic.
1037 3585 1079 3638 ou.
1098 3586 1117 3637 ll
1136 3587 1152 3652 6
1171 3588 1204 3639 69
1222 3589 1250 3637 in
1271 3603 1331 3638 sum

260 3657 313 3708 heit
330 3655 479 3722 entspriebt.
492 3681 524 3693 —
537 3654 590 3707 lien
605 3653 710 3706 Verlaul
725 3654 770 3706 des
822 3652 879 3715 fers
903 3661 941 3704 est
963 3656 1084 3706 noluntas
1107 3659 1199 3705 nostra
1215 3670 1331 3721 propsa-

260 3723 397 3776 Gelechtes
420 3724 472 3776 und
497 3724 541 3775 der
565 3738 664 3790 ganaen
682 3721 770 3774 Uater·
820 3725 884 3777 sior.
902 3750 936 3760 -
955 3722 1003 3773 llas
1028 3722 1091 3774 lleer
1118 3737 1172 3772 war
1197 3722 1261 3774 bunt
1286 3738 1330 3774 zu·

261 3793 389 3858 nebmung
413 3792 524 3859 verlolgt
547 3791 591 3843 der
609 3790 676 3842 Veri.
701 3790 771 3841 nicht
821 3794 1048 3856 sammengesetzt‚
1072 3790 1123 3856 vgl.
1146 3789 1252 3856 Josepb.
1272 3789 1330 3842 Ant.

262 3860 357 3912 werten.
385 3857 455 3912 uteo
469 3860 514 3913 nro
527 3859 629 3912 cassius
645 3860 686 3922 aa,
701 3860 770 3922 aaa
823 3860 862 3921 14,
882 3861 904 3922 a,
925 3861 936 3910 t
965 3845 1029 3923 ἧκεν
1050 3851 1227 3926 uternam
1254 3854 1330 3929 aym

261 3928 342 3995 siagte
360 3926 477 3982 'liberius
496 3928 547 3982 und
565 3926 662 3980 Sueton
680 3926 738 3980 Tib.
754 3929 770 3978 4
818 3921 958 3978 ’laudatar
974 3921 1089 3980 dealitas
1106 3923 1271 3995 τρισχιλίους,
1296 3925 1325 3987 ἐξ
