2860 4572
242 252 262 319 8
333 249 338 262 '
671 260 778 314 CAPUT
799 265 838 316 10.
853 266 892 317 11.

244 434 411 496 facultatem
433 434 583 494 fortunam
607 433 747 494 obtulisse
769 432 846 493 bene
868 434 1014 514 gerendae
1041 436 1085 495 rei
1111 435 1318 497 erediderunt.

204 520 344 598 altaque
367 537 456 579 naves
478 537 597 591 omnes,
627 537 699 596 quas
724 526 840 597 paratas
862 519 1028 579 habuerant
1049 520 1084 580 ad
1108 521 1317 600 navigandum,

242 602 514 684 propugnatoribus
542 603 748 664 instruxerunt
771 603 945 682 Caesarique
973 605 1110 665 redeunti
1133 625 1199 667 cum
1222 605 1317 668 classe

204 698 220 747 t
242 697 446 750 occurrerunt.
478 687 535 758 Qui
547 687 661 749 duabus
675 689 711 749 de
727 688 821 750 causis
836 707 872 749 eo
884 689 930 749 die
940 687 1079 749 dimicare
1091 690 1218 763 nolebat,
1235 693 1317 769 quod

241 782 272 835 et
294 774 391 834 nullos
413 773 519 834 milites
541 773 572 832 in
597 772 719 834 navibus
741 773 874 844 habebat,
897 781 926 834 et
947 783 1016 852 post
1037 773 1139 834 horam
1158 795 1177 834 x
1193 777 1250 837 diei
1266 795 1317 836 res

241 858 396 938 agebatur3
420 877 479 919 nox
502 867 599 918 autem
622 859 742 919 allatura
764 859 917 920 videbatur
939 859 1078 920 maiorem
1094 859 1229 920 liduciam
1247 860 1315 936 illis,

241 944 292 1023 qui
314 944 448 1006 locorum
471 943 574 1004 notitia
598 942 799 1004 confidebant:
822 943 877 1006 sibi
893 944 978 1004 etiam
994 943 1130 1004 hortandi
1145 963 1215 1005 suos
1231 947 1316 1004 auxi·
1403 953 1404 962 ¹

241 1029 312 1091 lium
335 1028 521 1104 defuturum,
550 1029 627 1107 quod
654 1029 732 1089 nulla
755 1030 825 1091 satis
847 1030 950 1090 idonea
974 1038 1051 1090 esset
1072 1029 1212 1102 hortatio,
1236 1047 1314 1108 quae

205 1122 340 1194 bneque
367 1115 505 1176 virtutem
533 1123 634 1193 posset
667 1123 770 1174 notare
805 1133 902 1193 neque
934 1115 1077 1174 inertiam.
1129 1113 1242 1184 Quibus
1276 1114 1314 1174 de
1361 1125 1367 1135 '

242 1201 337 1262 causis
365 1218 467 1273 naves,
497 1217 570 1278 quas
597 1199 708 1278 potuit,
737 1199 843 1261 Caesar
865 1199 899 1260 ad
922 1209 1029 1261 terram
1053 1199 1193 1274 detrahit;
1223 1217 1312 1278 quern

192 1289 225 1342 11
242 1285 271 1346 in
302 1285 398 1346 locum
427 1284 493 1345 illos
520 1302 710 1346 successuros
737 1304 799 1345 non
823 1285 1013 1346 existimabat.
1057 1284 1129 1345 Erat
1150 1303 1208 1344 una
1233 1285 1315 1346 navis

242 1369 354 1432 llhodia
383 1369 413 1430 in
441 1370 544 1429 dextro
567 1369 697 1431 Caesaris
720 1388 813 1431 cornu
836 1370 924 1450 longe
947 1370 983 1431 ab
1006 1369 1127 1448 reliquis
1150 1371 1314 1430 conlocata.

241 1455 326 1516 Hanc
348 1454 510 1534 conspicati
532 1455 632 1516 hostes
654 1473 716 1514 non
732 1463 893 1514 tenuerunt
915 1473 988 1530 sese,
1012 1474 1180 1534 magnoque
1201 1456 1315 1534 impetu

242 1559 286 1600 uu
305 1540 343 1600 'ad
367 1558 429 1600 eam
453 1549 619 1600 constratae
642 1557 729 1600 naves
752 1548 781 1599 et
801 1541 976 1618 complures
1004 1549 1121 1619 apertae
1150 1540 1314 1601 contende-

204 1633 319 1686 trunt.
364 1625 416 1686 Cui
445 1634 563 1686 coactus
586 1635 630 1686 est
652 1624 756 1686 Caesar
777 1624 855 1684 serre
877 1623 1054 1697 subsidium,
1080 1644 1119 1685 ne
1141 1635 1259 1704 turpem
1281 1625 1314 1686 in

241 1720 405 1789 conspectu
427 1711 635 1771 contumeliam
658 1709 821 1789 acciperet,
849 1727 1034 1786 quamquam,
1057 1709 1081 1769 si
1105 1710 1174 1787 quid
1197 1711 1316 1787 gravius

204 1806 218 1855 ³
240 1795 296 1856 illis
318 1795 486 1868 accidisset,
516 1795 621 1857 merito
644 1813 780 1856 casurum
802 1792 957 1854 iudicabat.
1002 1792 1151 1853 Proelium
1174 1795 1315 1854 commis-

241 1899 306 1941 sum
330 1889 375 1941 est
396 1898 500 1959 magna
524 1881 716 1941 contentione
736 1878 934 1953 Rhodiorum3
959 1879 1008 1956 qui
1031 1895 1098 1938 cum
1120 1879 1150 1938 in
1175 1878 1315 1940 omnibus

241 1965 479 2027 dimicationibus
502 1977 531 2026 et
552 1966 674 2027 seientia
696 1973 725 2025 et
739 1965 846 2024 virtute
861 1963 1085 2043 praestitissent,
1107 1971 1170 2023 tum
1186 1963 1313 2023 maxime
1403 1993 1404 2046 3

241 2050 291 2112 illo
320 2060 453 2131 tempore
480 2059 574 2112 totum
598 2070 674 2111 onus
695 2050 843 2111 sustinere
866 2067 925 2108 non
950 2047 1142 2122 recusabant,
1171 2049 1312 2126 nequod
1403 2047 1404 2126 ,

202 2147 218 2196 t
240 2154 361 2198 suorum
384 2137 470 2214 culpa
493 2136 702 2197 detrimentum
724 2143 878 2234 aeceptpm
900 2133 1057 2194 videretur.
1100 2133 1143 2193 lta
1165 2135 1313 2212 proelium

326 2303 370 2365 10,
383 2304 406 2354 t.
429 2301 670 2354 irutruenennntl'
693 2297 750 2354 ‘nec
773 2317 830 2354 raro
854 2300 915 2352 alibi
940 2290 1064 2352 similiter'
1083 2300 1186 2353 Dhbner

241 2373 417 2422 occurrerunt
434 2369 478 2420 TV
548 2375 571 2424 5.
591 2369 636 2437 [et]
653 2377 713 2436 poet
731 2369 775 2421 tv
844 2372 974 2420 noticiam
991 2367 1033 2420 ul
1103 2386 1155 2436 quo
1174 2369 1250 2420 nulla
1267 2367 1314 2420 TV

292 2439 315 2490 6.
332 2454 505 2489 succensuros
522 2438 556 2489 T¹
573 2454 740 2489 succensores
757 2436 814 2490 T²V

325 2507 366 2566 11,
380 2510 401 2558 1.
420 2507 516 2569 (hoster
532 2508 595 2572 non)
615 2509 694 2556 tenui·
706 2505 735 2571 U,
759 2509 853 2556 tentent
875 2506 922 2556 mit
944 2505 1215 2570 tibergeschriehcnem
1238 2521 1268 2554 er
1286 2503 1314 2567 F,

241 2578 332 2625 terunt
348 2573 379 2638 Τ,
414 2573 536 2624 terterV
597 2577 621 2626 2.
640 2580 717 2640 turpe
735 2572 765 2638 Τ,
784 2576 899 2639 turpiter
919 2571 941 2620 V
959 2587 1021 2623 corr.
1093 2575 1116 2626 3.
1134 2589 1233 2638 magno
1252 2589 1313 2624 oon-

240 2645 322 2693 tentio
334 2645 363 2714 β,
374 2657 473 2706 magna
485 2647 655 2694 contentione
667 2643 713 2694 mit
725 2641 872 2694 schlechten
885 2639 1079 2692 llandschrilten
1133 2644 1155 2694 3.
1169 2642 1247 2708 culpo
1259 2640 1313 2692 UF¹

273 2781 297 2830 4.
306 2793 387 2829 naues
396 2794 492 2841 omnes,
505 2794 572 2844 quae
578 2784 693 2845 paratur
703 2780 748 2829 Ιια-
834 2778 859 2830 2.
876 2778 901 2825 ai
912 2775 1097 2841 qnidgraotus
1109 2776 1163 2827 illis
1172 2778 1313 2829 occidisset
1403 2765 1404 2822 ῗ

241 2841 750 2912 debantadnavigondumteineeigent-
799 2847 895 2895 merito
915 2859 1040 2895 coruinum
1056 2844 1109 2909 vgl.
1127 2843 1156 2896 B.
1175 2846 1227 2898 Alr.
1247 2848 1313 2904 522

240 2915 307 2966 liehe
319 2913 402 2967 Flotte
415 2916 501 2968 hatten
515 2915 556 2967 die
566 2915 750 2967 Alexandriner
802 2912 875 2976 Quae
887 2929 930 2962 ree
942 2913 1022 2964 aliter
1034 2913 1199 2964 adversariis
1208 2913 1310 2964 cecidit.

240 2982 303 3049 (rgl.
316 2985 340 3046 8,
353 2985 378 3046 2)
393 2985 474 3044 nicht;
495 2987 560 3047 ll,5
579 2984 614 3034 ist
633 2982 750 3035 derAus-
802 2981 853 3032 Cic.
867 2980 899 3031 ad
911 2981 964 3033 Att.
978 2979 1029 3031 Vlll
1048 2982 1071 3043 3,
1083 2983 1098 3032 6
1116 2980 1310 3046 quoquomodo

241 3050 321 3103 druclt
338 3055 394 3102 toto
412 3053 493 3102 elatee
510 3051 681 3104 tibertriebeu.
802 3066 833 3100 eo
851 3066 894 3099 res
912 3050 975 3114 breio
995 3049 1100 3114 quidone
1123 3048 1225 3098 ceeidtt.
1266 3045 1310 3097 Bel

275 3122 483 3184 sponderem
495 3118 598 3170 Xdiet:
617 3119 682 3172 nnch
695 3117 752 3184 sunt
803 3117 879 3170 Cesar
903 3115 983 3168 findet
1001 3117 1054 3168 sich
1078 3115 1121 3168 der
1143 3115 1218 3166 Dativ
1241 3115 1311 3167 nicht

240 3185 478 3252 Uhrnachmittaga.
497 3187 626 3238 hortandi
632 3203 694 3238 suos
702 3203 749 3238 au·
800 3185 841 3237 bei
859 3186 961 3236 cadere.

238 3256 336 3306 anitium
348 3253 383 3306 ist
395 3255 435 3308 ein
448 3255 673 3320 ungewbhnlicher
685 3256 749 3307 Aus-
834 3255 858 3305 3.
883 3269 942 3304 oum
966 3290 972 3302 .
992 3291 998 3302 .
1022 3255 1047 3301 et
1067 3251 1178 3300 scientia
1208 3255 1235 3299 et
1258 3253 1310 3300 vntr-

174 3314 195 3346 ⁶'
239 3321 748 3389 druclr‚dersiehdurchdiegelhufigen
800 3325 855 3372 tute
875 3322 1113 3386 praestitissent=
1127 3317 1176 3368 wie
1200 3318 1237 3369 sie
1257 3318 1308 3370 sich

239 3389 436 3456 Verbiodungen
466 3407 517 3443 von
549 3389 667 3452 facultas
696 3391 748 3444 und
800 3389 878 3441 durch
891 3385 1123 3440 Gesohiclrlichlreit
1141 3385 1193 3436 und
1206 3385 1310 3452 'l'apler-

241 3461 344 3511 occasio
362 3459 464 3512 erkla'ut.
799 3457 853 3510 keit
879 3457 1076 3522 ausgezeichnot
1103 3453 1200 3519 hatten.
1244 3453 1309 3506 Viel-

75 3516 81 3534 ¹
149 3502 174 3553 Ἴ
274 3530 297 3580 6.
317 3528 558 3580 detrahit==zieht
576 3526 692 3579 beiseite.
799 3525 878 3576 leieht
894 3524 928 3575 ist
945 3524 1006 3576 aber
1023 3524 1070 3574 mit
1085 3521 1311 3588 tetsernnderung

71 3605 108 3659 ,“
158 3589 172 3604 ⁸⁴
272 3597 750 3661 11,1nontenusrontsese..qoe
801 3609 832 3644 au
851 3591 983 3644 schreiben
1008 3596 1034 3641 et
1049 3593 1188 3642 scientiam
1213 3598 1239 3642 et
1257 3595 1309 3642 oir-

240 3703 246 3715 .
271 3701 278 3715 .
303 3665 507 3726 contenderunt,
534 3663 581 3714 wir
606 3664 688 3730 geben
716 3663 749 3714 im
801 3665 893 3725 tutem,
915 3660 1220 3726 vgt.1127‚3tantam
1242 3662 1309 3710 oir-

239 3731 383 3785 Deutschen
410 3731 451 3784 die
476 3730 573 3798 Kopnla
602 3731 682 3784 durch
709 3731 749 3784 die
801 3734 916 3780 tutem
946 3731 1155 3794 praestitorum
1181 3728 1211 3780 Vl
1239 3731 1268 3792 8,
1294 3731 1309 3780 4

239 3799 499 3867 Aduersativpartilrel
527 3799 661 3852 sondern
688 3800 750 3851 wie·
797 3800 934 3864 praestate
960 3798 1069 3847 eundem
1094 3798 1171 3848 nobie
1201 3797 1310 3848 ducibus
1403 3821 1404 3848 ς

240 3866 291 3928 der,
308 3869 392 3921 wolur
404 3870 439 3920 im
451 3869 503 3922 Lat.
517 3883 582 3934 geu.
596 3869 635 3920 ein
649 3867 749 3920 Neben-
801 3869 978 3929 virtutem,
1013 3881 1093 3931 quam
1122 3881 1308 3932 saepenumero

238 3939 293 3986 salz
311 3936 357 3986 rnlt
375 3942 440 4002 quin
457 3938 532 3989 steht.
800 3935 959 4000 imperatori
971 3935 1154 4000 praestitistis.
