2860 4572
560 254 667 311 CAPUT
687 257 726 308 14.
741 258 781 308 lb.
1163 252 1201 312 11

134 445 221 488 naves
249 426 384 488 hostibus
412 427 578 489 constituit:
608 427 638 487 in
664 426 766 489 dextro
788 444 885 488 oornu
906 426 1035 488 Rhodias
1057 427 1202 502 conlocat,

133 513 164 572 in
193 511 313 574 sinistro
336 512 480 574 Ponticas.
523 512 605 574 luter
632 513 684 574 has
709 511 834 591 spatium
858 531 926 572 coco
949 529 1088 590 passuum
1111 511 1203 572 relin-

133 597 212 676 quit,
244 598 323 675 qnod
350 597 418 658 satis
447 616 511 659 esse
539 598 574 659 ad
604 596 790 675 explicandas
817 615 906 658 naves
928 596 1089 658 videbatur.
1133 596 1238 658 Postt

134 682 215 743 huno
238 682 372 744 ordinem
394 682 523 760 reliquas
545 700 632 744 naves
654 681 785 744 subsidio
807 681 971 757 distribuit;
1000 701 1076 762 quae
1099 699 1201 761 quam-

102 763 193 844 ‘que
215 785 313 827 earum
335 776 476 846 sequatur
498 777 527 828 et
547 767 595 828 oui
611 767 773 840 subveniat,
796 767 950 827 eonstituit
963 776 1051 845 atque
1066 767 1201 847 imperat.

131 852 199 912 Non
217 851 387 913 dubitanter
401 852 592 913 Alexandrini
608 852 732 913 classem
745 853 916 932 producunt
930 861 1019 929 atque
1034 853 1201 914 instruunt:
1223 861 1237 910 a

17 1003 19 1008 ,
130 937 160 997 in
183 938 283 998 fronte
305 937 464 1000 oonlooant
484 957 558 1012 xxii,
582 937 711 1015 reliquas
732 936 922 999 subsidiarias
943 936 973 997 in
997 937 1128 998 secundo
1152 955 1200 998 or·

129 1021 199 1082 dine
221 1021 416 1084 constituunt.
453 1023 589 1102 Magnum
612 1031 765 1102 praeterea
784 1040 940 1084 numerum
956 1020 1104 1083 minorum
1121 1022 1201 1082 navi·
1223 1031 1238 1081 t

129 1107 246 1184 giorum
269 1115 298 1168 et
319 1108 494 1186 soapharum
516 1108 687 1187 producunt
702 1108 775 1168 'oum
798 1107 938 1168 malleolis
958 1106 1153 1185 ignibusque,
1176 1107 1201 1168 si

129 1191 200 1270 quid
222 1192 285 1272 ipsa
308 1192 464 1254 multitudo
487 1202 517 1254 et
536 1193 646 1254 clamor
661 1200 690 1253 et
705 1191 819 1254 damma
835 1191 943 1254 nostris
957 1191 1081 1254 terroris
1096 1191 1200 1254 afferre

128 1286 261 1355 possent.
297 1277 391 1338 Erant
413 1278 490 1339 inter
511 1277 584 1339 duas
606 1278 713 1338 classes
735 1277 804 1338 vada
826 1277 951 1339 transitu
968 1286 1103 1355 angusto,
1127 1289 1237 1356 quaet

129 1361 282 1440 pertinent
303 1364 337 1423 ad
361 1363 514 1442 regionem
536 1363 650 1424 Africae
678 1360 733 1444 (sio
759 1363 838 1422 enim
870 1361 1056 1442 praedicant,
1084 1371 1199 1441 partem

129 1465 193 1508 esse
215 1447 408 1508 Alexandriae
434 1447 581 1510 dimidiam
603 1442 749 1528 Africae),
778 1447 906 1526 satisque
935 1446 999 1508 diu·
1014 1447 1093 1508 inter
1120 1448 1237 1526 ipsust

128 1540 173 1592 est
195 1541 411 1611 exspectatum,
437 1532 474 1592 ab
496 1534 570 1595 utris
592 1532 765 1594 transeundi
787 1533 872 1593 fieret
893 1531 1019 1607 initium,
1042 1542 1201 1612 propterea

129 1617 208 1694 quod
230 1616 264 1693 ii,
288 1619 338 1697 qui
360 1619 536 1693 intrassent,
567 1628 596 1679 et
617 1618 651 1679 ad
675 1617 877 1696 explicandam
899 1618 1020 1678 classem
1043 1627 1072 1680 ot
1094 1618 1130 1678 ad
1151 1636 1199 1679 re-

128 1711 255 1781 ceptum,
279 1704 303 1763 si
321 1704 424 1764 durior
438 1704 592 1766 aooidisset
606 1721 700 1774 casus,
722 1703 923 1782 impeditiores
937 1703 1000 1764 lore
1014 1702 1198 1764 videbantur.

126 1786 248 1848 Rhodiis
278 1789 401 1851 navibus
428 1798 565 1869 praeerat
589 1787 785 1868 Euphranor,
813 1788 902 1849 animi
933 1787 1134 1866 magnitudine
1165 1807 1198 1850 ao
1215 1791 1250 1846 15

125 1872 233 1933 virtute
256 1873 348 1953 magis
370 1893 438 1936 oum
461 1875 571 1936 nostris
593 1872 764 1934 hominibus
786 1891 873 1950 quam
896 1873 1099 1955 cumGraecis
1118 1891 1199 1935 oom-

126 1957 284 2036 parandus.
327 1958 382 2021 llio
412 1959 449 2020 ob
479 1959 661 2020 notissimam
688 1957 839 2019 seientiam
863 1967 951 2036 atque
973 1957 1063 2020 animi
1086 1959 1236 2037 magni-²

126 2041 258 2103 tudinem
280 2043 409 2106 deleotus
424 2054 468 2106 est
483 2045 519 2105 ah
535 2043 666 2118 Rhodiis,
689 2043 738 2121 qui
754 2043 912 2122 imperium
927 2043 1027 2104 elassis
1042 2043 1198 2103 obtineret.

127 2126 185 2197 Qui
217 2127 268 2190 ubi
298 2128 428 2191 Caesaris
460 2123 710 2211 (dubitationem)
742 2128 873 2190 animum
906 2127 1042 2201 advertit,
1076 2127 1235 2190 ‘Viderisa

210 2276 788 2350 14,1Raouios..ronmos.taraiasa
839 2275 1001 2343 ispaiiumT
1053 2276 1197 2344 reliquit'l'

177 2347 201 2396 3.
220 2351 300 2410 atqua
318 2345 504 2396 instituenti
581 2350 605 2400 6.
622 2347 697 2409 fieret
715 2347 874 2397 transeundi
891 2344 912 2396 Τ
982 2351 1007 2396 at
1025 2350 1072 2412 qui
1089 2343 1113 2400 V

125 2411 393 2533 ᾗτζῇιζιῦιέἓςῒὲὓῦΤν,
422 2415 604 2480 eapedissorea
621 2415 648 2480 F,
677 2415 858 2482 impeditiores
882 2414 929 2466 mit
954 2414 1002 2466 den
1022 2415 1198 2467 schleobtereu

212 2548 284 2613 loa
303 2549 423 2602 Caesaris
439 2555 559 2603 amimam
577 2553 693 2603 aduertit
709 2555 738 2624 β,
757 2551 879 2603 Caesario
897 2547 1124 2620 (dubitationem)
1141 2554 1199 2602 aui·

127 2698 224 2751 Stellen
238 2700 484 2754 undllnrohiahrten
498 2703 636 2755 sindnooh
688 2702 749 2754 linio
775 2703 927 2756 batrachtet.
970 2701 1077 2754 blanche
1104 2701 1198 2767 gingen

125 2768 203 2820 heute
216 2769 368 2822 vorhanden.
394 2769 484 2822 Stollel
502 2770 522 2822 ll
539 2787 565 2838 p.
578 2773 636 2824 261¹.
688 2770 754 2822 noch
767 2771 856 2836 peltes
868 2771 933 2822 nach
943 2768 983 2820 W.
997 2769 1048 2820 und
1060 2770 1198 2821 reobneten

159 2854 184 2904 3.
202 2851 264 2904 Non
282 2852 435 2905 dubitanter
454 2891 480 2907 ..
498 2859 638 2906 instruunt
688 2852 752 2904 ΚΒΜ
771 2841 892 2905 hiliien
910 2855 941 2890 2¹¹
959 2837 1036 2889 Asiess
1055 2852 1076 2887 Ζ·
1095 2835 1123 2886 Β·
1143 2835 1199 2886 Sal·

124 2921 176 2986 vgl.
196 2920 253 2972 Vel.
268 2919 335 2972 Max.
354 2925 406 2986 3‚2
425 2925 474 2974 ext,
488 2925 511 2976 6,
528 2939 637 2990 popm.
687 2906 741 2958 lust
758 2906 811 2972 lug.
840 2909 880 2970 19,
899 2909 914 2960 3
937 2906 974 2956 ad
997 2904 1197 2969 Catabathmon,

122 2991 433 3056 tamuanonipotionem
444 2991 635 3043 mandabitan·
687 2979 734 3056 wi
762 2975 835 3056 {⁰³²st
859 2976 1013 3040 Aegyptum
1042 2975 1074 3023 ab
1101 2970 1197 3032 Africa

121 3061 163 3108 ter
181 3060 281 3110 bausit,
687 3042 797 3106 dividia
813 3042 866 3110 vgl.
884 3041 950 3094 Mela
968 3041 978 3092 l
996 3043 1021 3105 8,
1033 3043 1056 3093 2.

719 3111 762 3172 lh,
781 3113 805 3164 2.
823 3113 855 3163 ob
867 3112 1033 3160 notissimam
1048 3111 1197 3161 seientiam.

155 3145 179 3196 4⁶
199 3147 316 3209 'mm'
341 3143 418 3195 ΟΜ
441 3141 531 3194 wfirde
547 3148 635 3208 ΡΜ
684 3177 731 3230 hie
750 3178 909 3244 Prdposition
934 3181 966 3229 ob
984 3176 1065 3229 lindet
1082 3178 1136 3229 siah
1154 3177 1197 3229 bei

121 3211 288 3276 geschrieben
307 3211 399 3273 ΜΨ
418 3210 449 3262 da
468 3226 495 3262 ΘΓ
513 3209 559 3261 ‘1³⁸
573 3210 634 3262 Μ’
686 3246 762 3298 Glisar
778 3247 803 3298 in
816 3244 859 3299 BG
872 3245 926 3296 Vlll
943 3246 995 3298 und
1013 3245 1123 3297 B.Alex.
1137 3245 1198 3298 hhu-

121 3279 428 3412 glssffiesptpettffllireffiffdas
441 3279 633 3345 letztgenanme
684 3313 732 3380 fig,
755 3315 815 3367 aber
837 3330 884 3366 nur
901 3315 927 3364 in
946 3314 994 3366 deu
1013 3313 1141 3366 Formeln:
1164 3317 1196 3366 ob

198 3434 203 3447 ,
544 3430 550 3443 ,
684 3398 742 3434 eam
750 3399 815 3447 rem,
827 3385 859 3435 oh
872 3399 917 3433 eas
928 3399 979 3444 res,
992 3398 1072 3447 quam
1085 3385 1115 3432 ab
1128 3398 1196 3444 ram;

157 3435 180 3484 5.
192 3436 263 3482 inter
276 3432 344 3483 duaa
356 3434 450 3484 aiassae
459 3455 492 3475 =
502 3431 631 3483 zwrsohen
685 3452 716 3501 op
736 3467 793 3502 ,am
807 3466 924 3514 emam,
943 3452 974 3502 ,p
987 3467 1031 3501 aa,
1043 3467 1145 3512 wag,
1164 3452 1196 3501 οι,

122 3497 171 3550 den
188 3499 282 3551 beiden
299 3499 409 3556 Flottess.
444 3499 503 3567 νει.
522 3502 545 3564 3,
562 3501 603 3564 63,
617 3502 632 3552 8
685 3519 733 3569 MS
745 3534 848 3584 eamus,
865 3534 946 3583 quam
958 3521 989 3570 oh
1002 3534 1118 3570 cumam·
1145 3516 1197 3568 Un-

121 3565 174 3617 ⁰¹¹⁶
190 3566 210 3618 Π
228 3570 252 3630 9,
266 3571 287 3620 ¹·
685 3600 741 3638 sere
759 3584 841 3638 Stelle
859 3586 940 3638 bildet
957 3587 998 3639 die
1016 3586 1115 3650 einzige
1132 3587 1197 3637 Aus-

157 3655 181 3704 5.
210 3639 277 3703 uter
306 3652 347 3706 ue
377 3652 474 3706 urenae
504 3653 634 3707 autscnen
685 3655 784 3706 nonme.
809 3654 864 3718 (nu.
878 3653 1138 3718 werinmundi.
1152 3653 1196 3708 rat

121 3719 199 3774 asten
217 3719 270 3772 und
282 3719 369 3772 Airika
387 3719 500 3774 konnten
519 3721 574 3774 sich
592 3722 633 3774 die
684 3720 887 3790 Lexilsograpbie
910 3738 934 3774 u.
953 3719 1110 3774 Grammatils
1130 3723 1197 3776 1884

122 3788 192 3868 alten
223 3786 390 3870 Geographeu
423 3789 530 3869 niemals
562 3791 634 3841 recht
685 3787 711 3842 S.
731 3793 778 3844 161
789 3790 825 3853 ll.)
869 3857 875 3870 ¹
1123 3858 1128 3868 Ι

122 3855 409 3987 tltbtlllrd
426 3857 472 3976 lt
487 3857 633 3978 iiiiii?
685 3856 1196 3992 ,istillitlzl‘dtdllld
