2860 4572
247 253 286 314 38
665 253 887 312 erroreum.

246 429 373 490 medinm
396 426 502 488 malum
526 426 659 488 demissis
684 427 857 489 instructam
888 428 1160 506 propugnatoribus
1182 425 1312 488 animum

208 525 224 576 4
244 513 375 574 advertit.
412 511 497 583 Quod
522 511 572 573 ubi
587 512 749 591 conspexit,
771 512 907 590 celeriter)
921 512 982 574 vela
1002 513 1127 574 subduci
1141 512 1312 592 demittique

206 603 211 617 '
244 607 397 660 antemnas
422 595 505 658 iubet
526 606 557 657 et
577 597 684 658 milites
712 597 816 658 armari
839 609 868 658 et
889 597 992 659 vexillo
1015 598 1146 671 subiato,
1175 614 1234 676 quo
1257 617 1313 678 pu·

243 683 353 762 gnandi
376 683 462 742 dabat
477 683 605 759 signum,
629 700 703 760 quae
726 682 837 762 primae
855 701 942 744 nares
957 683 1214 762 subsequebantur
1235 683 1313 744 idem

205 776 220 830 t
242 776 276 828 ut
290 769 430 842 facerent,
445 765 636 845 significabat.
666 766 813 828 Parabant
825 787 856 829 se
867 767 1013 828 Vatiniani
1024 777 1148 847 repente
1163 769 1312 847 oppressi;

242 853 336 932 parati
360 852 501 931 deinceps
531 852 680 913 Octaviani
711 871 746 913 ex
774 860 864 932 portu
892 852 1102 931 procedebant.
1152 853 1314 915 Instruitur

242 938 392 1017 utrimque
406 937 492 1006 acies,
516 937 619 998 ordine
641 938 780 1016 disposita
794 938 887 1016 magis
902 937 1068 1010 octaviana,
1092 937 1221 1017 paratior
1236 938 1313 1000 mili·

190 1026 228 1084 46
242 1029 305 1084 tum
321 1023 425 1084 animis
440 1021 601 1084 Vatiniana.
638 1022 779 1096 Vatinius,
802 1040 869 1083 cum
884 1023 1014 1084 animum
1035 1024 1199 1084 adverteret
1214 1042 1313 1102 neque

205 1111 209 1120 '
242 1109 358 1169 narium
382 1127 414 1169 sc
435 1107 637 1186 magnitudine
660 1125 757 1186 neque
786 1125 911 1168 numero
941 1125 1041 1186 parem
1065 1127 1145 1182 csse,
1174 1109 1313 1172 fortuitae

241 1203 338 1253 tamen
363 1191 541 1253 dimicationi
563 1211 626 1253 rem
647 1191 955 1253 committeremaluit.
999 1193 1100 1273 ltaque
1122 1194 1236 1272 primus
1258 1213 1313 1256 sua

205 1287 220 1338 2
241 1278 447 1356 quinqueremi
470 1277 499 1336 in
517 1277 731 1356 quadriremem
749 1278 841 1357 ipsius
857 1277 967 1338 Octavii
983 1279 1124 1357 impetum
1140 1279 1218 1339 fecit.
1254 1278 1312 1340 Ce-

239 1363 356 1422 lerrime
370 1361 586 1440 fortissimeque
598 1370 701 1422 contra
714 1362 764 1422 illo
779 1363 942 1440 remigante
957 1381 1044 1423 naves
1055 1365 1191 1424 adversae
1206 1365 1312 1426 rostris

238 1454 456 1508 concurrerunt
476 1446 550 1506 adeo
570 1447 768 1521 vehementer,
792 1457 825 1508 ut
847 1447 927 1508 navis
950 1449 1107 1509 Octauiana
1131 1457 1227 1510 rostro
1247 1449 1311 1511 dis-

201 1541 323 1593 tcusso
352 1531 433 1610 ligno
463 1531 676 1593 contineretur.
725 1531 925 1593 committitur
952 1533 1059 1594 acriter
1086 1533 1208 1612 reliquis
1235 1534 1310 1597 locis

239 1617 399 1695 proelium,
428 1616 676 1695 concurriturque
705 1616 739 1677 ad
768 1617 860 1678 duces
888 1619 1028 1680 maxime:
1061 1637 1129 1679 nam
1158 1638 1225 1680 cum
1254 1639 1310 1681 suo

238 1703 362 1781 quisque
385 1701 522 1762 auxilium
547 1703 653 1774 ferret,
683 1720 822 1780 magnum
847 1704 1011 1763 comminus
1033 1705 1062 1762 in
1085 1714 1212 1782 angusto
1234 1707 1310 1767 mari

198 1788 378 1866 tproefium
413 1789 521 1848 factum
552 1796 604 1849 est.
655 1786 832 1865 Quantoque
866 1787 1033 1848 coniunctis
1062 1791 1155 1866 magis
1185 1789 1310 1852 navibus

235 1873 414 1951 confligendi
444 1880 574 1951 potestas
603 1871 741 1944 dabatur,
773 1879 856 1932 tanto
885 1872 1054 1950 superiores
1084 1881 1168 1935 erant
1196 1874 1310 1936 Vatini·

236 1959 301 2040 ani;
332 1959 381 2037 qui
410 1957 579 2018 admiranda
600 1959 705 2018 virtute
728 1976 763 2017 ex
786 1958 846 2018 suis
868 1956 991 2018 nauibus
1013 1959 1043 2019 in
1066 1958 1195 2020 hostium
1218 1979 1309 2023 nares

182 2039 192 2086 ί
234 2043 381 2105 transilire
403 2061 463 2103 non
494 2042 669 2103 dubitabant
690 2051 719 2104 et
746 2042 933 2103 dimicatione
962 2052 1085 2122 aequata
1106 2043 1196 2122 longe
1216 2065 1308 2124 supe-

197 2135 213 2185 t
233 2128 328 2190 riores
349 2128 457 2189 virtute
479 2145 541 2188 rem
558 2128 681 2194 feliciter
695 2127 848 2207 gerebant.
885 2127 1065 2208 deprimitur
1087 2127 1179 2206 ipsius
1195 2129 1308 2192 Octavii

234 2213 436 2289 quadriremis,
461 2213 569 2273 multae
590 2221 741 2292 praeterea
762 2213 922 2292 capiuntur
942 2222 993 2274 aut
1014 2213 1117 2274 rostris
1138 2216 1307 2292 perforatae

234 2307 425 2376 merguntur3
452 2308 689 2377 propugnatores
712 2298 863 2359 Octaviani
891 2299 997 2376 partim
1020 2299 1050 2360 in
1073 2298 1197 2360 navibus
1218 2301 1308 2380 iugu-

196 2379 344 2455 6lantur,
373 2381 478 2462 partim
505 2382 535 2442 in
565 2400 646 2443 mare
674 2383 914 2462 praecipitantur.
958 2383 1022 2462 lpse
1046 2383 1183 2445 Octavius
1212 2404 1245 2446 se
1272 2386 1306 2448 in

232 2467 371 2544 scapham
394 2466 525 2538 confert;
553 2465 582 2526 in
607 2466 816 2545 quamplures
839 2485 905 2528 cum
929 2468 1140 2546 confugerent,
1164 2469 1306 2549 depressa

198 2560 214 2610 ‘t
234 2551 340 2629 scapha
364 2551 533 2612 vulneratus
554 2559 651 2611 tamen
677 2551 796 2611 adnatat
817 2552 853 2613 ad
875 2570 961 2612 suum
991 2571 1213 2632 myoparonem.
1259 2555 1305 2618 Eo

316 2699 361 2765 45,
381 2703 404 2752 3.
423 2699 653 2751 animaduertitV
721 2702 746 2753 4.
765 2699 916 2765 dimittique
936 2703 969 2771 β,
993 2701 1150 2768 dominique
1216 2709 1306 2772 signf-

230 2768 348 2830 fieabarrt
365 2767 410 2819 TV
463 2773 486 2821 5.
505 2769 538 2818 de
553 2767 675 2834 portuV

314 2835 360 2900 46,
375 2841 396 2888 1.
415 2838 638 2888 animaduerteret
655 2834 677 2882 V
729 2833 859 2894 fortuitae
877 2835 1046 2888 dimicationi
1062 2838 1254 2902 (dimicationis
1271 2842 1303 2908 F)

230 2902 359 2964 fortunae
375 2921 431 2955 rem
455 2909 618 2957 committere
636 2904 733 2954 maluit
751 2901 830 2967 uhu,
853 2901 981 2963 fortunae
998 2922 1054 2956 rem
1072 2911 1237 2960 committere
1253 2927 1305 2962 reo-

230 2973 283 3022 tur't
305 2972 340 3032 Τ,
367 2971 500 3033 fortuitae
524 2977 611 3024 tamen
634 2974 805 3024 dimicationi
826 2987 883 3024 rem
906 2976 1068 3025 committere
1090 2976 1188 3026 metuit
1210 2977 1303 3032 Eman.

229 3039 362 3093 Hoffmann
390 3044 453 3094 1857
476 3041 554 3108 praef.
572 3040 699 3096 Lxxxru.
784 3041 864 3090 iretur
883 3041 937 3091 Oet.
955 3038 1000 3091 TV
1069 3044 1303 3113 taeterrimeque

229 3108 414 3168 fartissime'l'
502 3112 616 3174 (ababa)
633 3105 751 3160 iilumV
819 3109 994 3173 remigantem
1011 3107 1088 3174 utu,
1111 3113 1302 3178 remiganteF

248 3179 304 3294 db.
322 3192 385 3295 naqa
408 3193 467 3227 cum
490 3178 547 3244 UF,
570 3181 683 3228 nautum
700 3174 744 3226 TV
832 3178 856 3230 4.
874 3178 971 3240 [erant]
989 3175 1034 3228 TV
1120 3182 1144 3231 6.
1162 3181 1199 3232 ad
1220 3198 1303 3233 ereum

228 3259 245 3293 a
265 3248 342 3296 natat

226 3392 267 3430 am
284 3383 406 3442 entered,
431 3379 505 3431 dabei
526 3378 596 3430 ward
614 3378 655 3431 die
672 3379 734 3444 Rea,
784 3378 828 3430 der
841 3376 958 3443 Stallung
975 3377 1020 3430 der
1033 3377 1121 3432 Worte
1139 3397 1304 3439 zusammen-

226 3447 271 3498 der
281 3444 473 3512 Segelhr'rraung
485 3447 678 3514 entsprechend,
691 3447 736 3499 auf
785 3444 879 3512 gefafst
899 3444 1010 3511 werden,
1027 3447 1082 3498 eleo
1099 3444 1154 3501 ‘der
1169 3452 1301 3508 Schnabel

225 3515 318 3566 halben
327 3513 596 3580 Mastherabgeleesen
606 3510 734 3580 (getiertf.
785 3529 826 3566 arn
839 3511 933 3565 Sobid'e
952 3512 996 3565 dee
1009 3513 1129 3568 Octavius
1142 3522 1230 3574 wurde
1244 3539 1303 3576 aer.

225 3582 289 3634 Zurn
307 3581 414 3650 Kampfe
437 3583 540 3635 worden
566 3582 641 3648 Segel
664 3582 734 3636 nieht
785 3581 896 3634 brochon
909 3580 960 3633 und
972 3581 1110 3636 daeSchiff
1118 3601 1159 3638 am
1169 3589 1248 3642 Holre
1260 3593 1300 3654 (tn

224 3651 365 3716 gebraucht
391 3651 442 3702 und
467 3650 508 3702 die
534 3650 632 3702 Masten
659 3652 735 3704 meist
785 3648 897 3702 welches
921 3649 965 3700 der
986 3650 1122 3705 feindliche
1140 3655 1223 3723 Spem
1242 3659 1301 3712 ein.

226 3719 408 3784 niedergelegt.
430 3718 734 3784 truthmuotehem
785 3718 931 3784 gedrungen
951 3720 1013 3782 wer)
1032 3719 1219 3785 festgeheften'.

225 3788 349 3839 meister's
378 3785 545 3839 Denhmbfern
579 3787 624 3838 dee
655 3787 733 3840 klaee.
819 3790 842 3839 5.
860 3790 1026 3850 merguntur.
1062 3786 1140 3841 Sonst
1161 3797 1227 3846 setrt
1249 3795 1301 3848 der

223 3847 646 3907 Aftertumsunter‘Seeweeen'S.
660 3857 733 3909 1621.
785 3853 917 3906 Verfeeser
939 3854 1028 3906 immor
1049 3854 1093 3906 des
1117 3859 1302 3927 Kompositum

257 3918 302 3984 46,
315 3923 338 3974 2.
357 3925 444 3973 rostro
459 3923 576 3974 dumoso
588 3925 656 3974 mufs
668 3924 733 3976 nach
786 3922 937 3985 demergere
954 3925 994 3987 25,
1012 3927 1040 3982 5,
1059 3925 1100 3990 31,
1119 3929 1145 3989 6;
1164 3932 1206 3994 61,
1225 3935 1249 3984 5.
