2860 4572
242 277 281 336 12
665 280 772 333 CAPUT
793 285 831 334 ts.
845 285 886 335 16.

241 452 330 527 mibi’,
353 452 462 530 inquit,
486 451 608 524 ‘Cassan
631 453 734 524 vereri,
758 453 782 514 si
805 453 878 513 baec
900 453 969 513 vada
993 454 1095 533 primis
1120 457 1241 518 navibus
1262 457 1311 519 in-

241 538 334 610 traris,
358 556 395 597 ne
417 537 501 616 prius
523 536 661 597 dimicare
685 538 809 616 cogaris,
836 556 924 616 quam
946 539 1090 617 reliquam
1112 543 1233 604 classem
1255 561 1312 622 po·

178 631 217 708 θ4
239 623 330 683 tueris
353 622 507 700 explicare.
552 622 643 682 Nobis
665 640 727 683 rem
751 623 914 683 committe:
938 643 992 685 nos
1013 626 1160 702 proelium
1183 627 1312 689 sustine.

239 707 336 768 bimus
361 704 473 790 (neque
501 717 584 767 tuum
614 707 753 768 iudicium
783 703 944 788 tollemus),
974 709 1042 768 dum
1072 712 1178 789 reliqui
1207 713 1312 774 subse·

240 801 377 870 quantur.
432 792 493 854 llos
527 792 643 870 quidem
674 793 782 854 diutius
810 793 840 853 in
871 801 974 853 nostro
1003 805 1164 873 conspectu
1192 798 1312 874 gloriari

202 888 346 955 tmagno
376 876 463 938 nobis
487 887 516 937 et
537 877 674 938 dedecori
698 886 726 938 et
748 876 841 937 dolori
864 875 926 937 est'.
972 877 1077 938 Caesar
1098 880 1179 939 illum
1202 883 1312 943 adhor-

239 970 317 1023 tatus
346 971 433 1041 atque
457 962 595 1022 omnibus
617 962 751 1022 laudibus
775 970 949 1039 prosecutus
971 963 1020 1022 dat
1041 962 1158 1040 signum
1181 984 1311 1044 pugnae.
1408 1019 1409 1036 ,

203 1057 218 1106 t
240 1047 415 1126 Progressus
437 1047 511 1108 ultra
534 1047 639 1107 vadum
663 1066 705 1107 mr
729 1047 856 1106 Rhodias
884 1065 972 1108 naves
1000 1046 1221 1109 circumsistunt
1242 1051 1311 1110 dle·

239 1134 376 1193 xandrini
406 1141 493 1211 atque
521 1132 550 1192 io
582 1150 630 1192 eas
652 1132 795 1210 impetum
818 1131 938 1192 iaciunt.
983 1131 1138 1193 Sustinent
1159 1133 1200 1194 illi
1221 1143 1310 1212 atque

240 1229 301 1279 arte
324 1217 510 1295 sollertiaque
532 1235 563 1276 se
586 1216 747 1294 explicant3
777 1235 810 1276 ac
832 1226 947 1282 tantum
974 1217 1109 1278 doctrina
1137 1219 1247 1298 potuit,
1277 1229 1312 1280 ut

240 1304 269 1362 in
293 1303 401 1382 dispari
427 1319 551 1362 numero
583 1303 660 1362 nulla
689 1311 854 1364 transversa
884 1303 961 1364 hosti
990 1303 1169 1377 obiceretur,
1201 1305 1312 1366 nullius
1408 1335 1409 1340 ¹

238 1388 312 1447 remi
341 1388 580 1465 detergerentur,
611 1387 661 1448 sed
690 1405 809 1466 semper
836 1387 1023 1449 venientibus
1048 1389 1184 1450 adversae
1207 1408 1312 1451 oocur·

201 1481 347 1532 trereot.
399 1471 522 1531 Interim
551 1481 621 1533 sunt
650 1472 780 1548 reliquae
810 1472 994 1534 subsecutae.
1039 1473 1113 1535 Tum
1146 1475 1311 1537 necessario

238 1557 399 1619 discessum
423 1557 458 1616 ab
482 1565 543 1616 arte
566 1565 610 1618 est
632 1567 755 1636 propter
778 1559 926 1635 angustias
948 1559 1014 1632 loci,
1038 1567 1126 1637 atque
1144 1577 1232 1620 omne
1247 1577 1313 1621 cer-

200 1652 215 1703 8
236 1650 335 1703 tamen
358 1642 388 1702 in
412 1642 518 1702 virtute
542 1643 683 1703 constitit.
720 1642 822 1720 Neque
844 1661 914 1702 uero
936 1644 1128 1704 Alexandriae
1150 1645 1206 1705 luit
1230 1645 1312 1724 quis·

239 1746 325 1806 quam
349 1736 400 1789 aut
422 1737 591 1788 nostrorum
616 1740 666 1787 aut
688 1727 915 1806 oppidanorum,
952 1728 1003 1806 qui
1025 1736 1075 1787 aut
1097 1729 1127 1788 in
1153 1746 1242 1808 opere
1261 1738 1314 1790 aut

238 1813 391 1891 inpugna
422 1822 597 1892 occupatum
622 1813 751 1872 animum
775 1725 951 1894 haberent‚l
979 1812 1049 1890 quin
1074 1812 1212 1874 altissima
1235 1824 1314 1875 tecta

237 1904 353 1977 peteret
381 1904 468 1975 atque
496 1916 532 1957 ex
561 1897 641 1958 omni
673 1906 833 1976 prospectu
863 1898 960 1957 locum
995 1898 1163 1976 spectaculo
1194 1910 1316 1978 caperet

238 1982 436 2062 precibusque
466 1992 496 2043 et
524 1983 599 2044 votis
625 1982 777 2042 victoriam
807 1983 867 2043 suis
897 1981 933 2042 ab
960 1981 1003 2042 dis
1026 1983 1240 2045 immortalibus
1262 2003 1314 2045 ex-

188 2073 223 2128 16
241 2077 386 2148 posceret.
430 2067 550 2128 blinime
578 2075 675 2128 autem
705 2087 757 2147 par
784 2076 846 2128 erat
868 2067 972 2146 proelii
996 2077 1155 2128 certamen.
1200 2070 1315 2131 Nostris

239 2154 318 2215 enim
341 2153 434 2232 pulsis
457 2171 554 2231 neque
576 2163 652 2212 terra
676 2171 774 2231 neque
795 2153 869 2212 mari
886 2153 1027 2231 effugium
1043 2153 1176 2227 dabatur,
1201 2155 1315 2215 omnia-

202 2249 216 2297 t
240 2257 297 2318 que
320 2239 481 2299 victoribus
504 2246 588 2298 erant
611 2238 707 2298 lutura
737 2238 767 2298 in
797 2238 927 2298 incerto:
955 2233 1057 2320 <cum)
1086 2239 1140 2311 illi,
1170 2240 1194 2301 si
1223 2259 1314 2318 supe-

239 2332 354 2384 rassent
370 2323 502 2395 navibus,
520 2321 616 2383 omnia
632 2329 787 2396 tenerent3
809 2323 833 2384 si
850 2322 1006 2384 inferiores
1021 2323 1154 2398 fuissent,
1170 2325 1315 2403 reliquam

202 2419 216 2467 3
237 2416 335 2468 tamen
360 2408 510 2468 fortunam
534 2407 782 2486 periclitarentur.
820 2407 915 2468 Simul
936 2405 1110 2486 illud'grave
1125 2427 1158 2471 ao
1174 2409 1314 2472 miserum

236 2492 401 2570 videbatur,
424 2511 590 2571 perpaucos
613 2493 648 2552 de
671 2510 786 2552 summa
806 2489 942 2576 (rerum)
964 2511 999 2553 ac
1021 2493 1056 2553 de
1072 2494 1165 2554 salute
1181 2495 1315 2556 omnium

238 2577 406 2650 decertare3
431 2596 557 2655 quorum
581 2578 606 2638 si
628 2576 679 2655 qui
701 2587 751 2637 aut
773 2579 871 2637 animo
891 2586 941 2637 aut
954 2577 1062 2638 virtute
1078 2580 1222 2654 cessisset,
1245 2581 1314 2640 reli-

236 2742 308 2778 mum
326 2728 442 2779 aduertit
459 2727 655 2780 Forcbbammer
673 2725 787 2787 Quaestt.
806 2727 871 2777 critt.
890 2725 1002 2779 Hauniae
1023 2731 1096 2781 1852.
1114 2744 1139 2795 p.
1159 2731 1191 2783 83
1268 2747 1316 2796 po·

238 2793 398 2846 tucrisUl'T
444 2796 621 2861 putauerisV
692 2798 715 2846 5.
733 2809 840 2860 pugnae
858 2793 930 2858 UFT,
946 2811 1041 2860 pagno
1059 2795 1102 2860 Ψ,
1118 2799 1262 2864 pugnandi
1279 2798 1315 2847 V²

289 2867 312 2916 6.
330 2866 481 2928 Progressus
499 2863 600 2915 UFVT¹
685 2868 784 2928 (atque)
801 2861 899 2916 rateT
963 2864 1128 2918 doetrinal*
1216 2869 1240 2920 8.
1258 2870 1317 2932 [qui

237 2935 474 2995 aut-baberent]
493 2932 595 2984 lldbner
649 2932 816 2996 (spectaculo)
833 2936 936 2998 peteret
955 2931 976 2979 V

322 3000 363 3064 16,
384 3004 406 3052 1.
424 3001 548 3050 Debetur
565 3003 643 3051 utatis
660 3004 692 3072 β,
716 3002 810 3063 [uictis]
830 3000 920 3052 Gruter
944 3000 995 3052 und
1013 2999 1207 3052 l'orchhammer
1224 3016 1249 3065 p.
1268 3003 1314 3061 93;

237 3069 343 3134 [pulsis]
362 3105 368 3120 .
387 3108 393 3121 .
413 3105 419 3120 .
441 3070 556 3119 dabatur
572 3070 651 3119 aram
668 3067 815 3135 Nipperdey
833 3085 857 3135 p.
878 3070 935 3121 190.
1016 3071 1039 3120 2.
1056 3067 1147 3136 (curu)
1164 3069 1206 3118 itti
1224 3064 1315 3120 clerks

288 3139 311 3188 3.
330 3137 362 3187 de
378 3151 479 3186 summa
498 3140 526 3208 β,
543 3134 670 3206 (rarum)
692 3138 738 3187 mit
762 3135 811 3188 deo
838 3137 1012 3189 soblechteren
1035 3134 1228 3188 Handschrilten
1256 3135 1313 3191 edd.
1408 3141 1409 3166 l

235 3204 261 3256 ln
281 3202 302 3254 Τ
320 3205 402 3256 steht:
418 3220 568 3270 perpaucos
585 3220 617 3256 ac
635 3205 785 3274 desummo
802 3206 888 3256 salute

236 3327 376 3405 studerung
386 3338 749 3409 Caesarie(dubitatiouem>,
801 3340 891 3390 taeuto
910 3343 1016 3405 caperm
1031 3338 1096 3390 nauis
1115 3338 1180 3389 nach
1197 3337 1254 3391 dem
1266 3339 1314 3392 Zu-

237 3409 279 3460 die
308 3409 466 3474 wenigstens
499 3408 556 3460 dern
587 3407 666 3460 Sinne
696 3414 750 3460 ent·
802 3401 1314 3472 sammenhongeheilsen‘undsicbdber-

238 3476 344 3544 spriclit‚
361 3477 386 3527 in
406 3476 455 3528 den
473 3475 539 3528 Text
557 3481 664 3542 gesetzt.
802 3475 836 3527 all
848 3477 923 3527 einen
934 3475 1004 3526 Piatz
1014 3490 1070 3525 zum
1078 3474 1225 3527 Zuscbauen
1239 3478 1315 3528 sueb-

272 3547 295 3598 6.
315 3546 437 3596 doctriua
454 3567 487 3588 =
503 3539 661 3609 ‘Schulung‘.
700 3543 751 3595 Das
802 3538 845 3597 te'.
881 3542 926 3594 Die
944 3542 1054 3610 Heilung
1076 3542 1158 3595 dieser
1177 3542 1257 3596 Stelle
1279 3545 1313 3597 ist

238 3611 313 3664 Wort
330 3614 365 3664 ist
377 3618 450 3665 sonst
462 3615 486 3664 in
504 3613 587 3664 dieser
600 3611 751 3677 Bedeutung
803 3611 868 3663 noch
888 3611 958 3662 nieht
976 3611 1111 3676 gelungen.

238 3681 308 3732 nicht
326 3681 516 3744 nachweisbar,
544 3681 613 3732 wohl
631 3681 691 3732 aber
710 3681 749 3730 di·
835 3678 879 3741 16,
896 3683 907 3732 1
927 3679 1027 3744 proelii
1044 3683 1177 3730 certamen
1196 3680 1247 3745 vgl.
1261 3679 1312 3732 Vlll

237 3750 351 3814 eoiplina
369 3750 421 3816 vgl.
446 3749 514 3811 140,
534 3753 548 3801 5
572 3765 637 3814 quos
662 3753 749 3799 tamen
802 3750 872 3810 aad
889 3747 1312 3813 Fitproeliumacricartamiue.

237 3816 343 3882 aliquid
361 3834 424 3868 usus
442 3833 474 3869 ao
492 3818 646 3883 disciplina,
671 3831 751 3880 quam
836 3814 944 3866 Nostris
967 3853 974 3868 .
1001 3854 1008 3867 .
1033 3817 1119 3882 pulset
1151 3815 1313 3868 lrondiziooal

237 3900 253 3933 a
272 3887 349 3935 nodis
367 3889 535 3951 accepissent,
552 3886 729 3936 sublevarent.
803 3883 853 3934 wie
871 3882 881 3934 l
899 3886 949 3946 4‚1
974 3884 1129 3936 damnatum
1142 3900 1259 3950 poenam
1275 3902 1313 3936 se·

272 3954 296 4005 8.
308 3969 342 4003 aa
352 3957 425 4004 omui
432 3959 576 4020 prospectu
586 3953 672 4005 locum
680 3969 751 4020 epae·
804 3955 851 4019 qui
863 3955 1011 4019 oportebat,
1027 3955 1129 4018 attigui
1140 3959 1313 4005 cremaretur·
1408 3983 1409 4010 ;
