2860 4572
266 295 305 354 18
688 295 795 348 CAPUT
814 300 855 350 23.
869 300 909 350 nt

265 467 455 531 culosissimis
483 476 582 529 essent
604 467 841 529 dimicationibus
864 486 951 547 quam
974 469 1116 532 incitandi
1139 471 1174 531 ad
1196 487 1339 550 pugnan-

212 555 343 616 eadum
386 552 592 620 Alexandrini,
623 570 691 614 cum
712 552 861 614 Romanos
889 561 919 614 et
945 555 1084 616 secundis
1112 555 1201 617 rebus
1223 556 1337 616 coufir-

263 639 336 700 mari
365 648 394 698 et
422 637 550 699 adversis
579 637 695 699 incitari
722 637 855 697 viderent
884 655 981 716 neque
1006 639 1099 700 ullum
1123 641 1191 702 belli
1212 639 1338 702 tertium

263 741 362 784 casum
393 730 530 795 nossent,
564 742 623 802 quo
640 730 775 802 possent
807 740 871 784 esse
903 723 1063 797 firmiores,
1097 734 1131 785 ut
1163 726 1337 787 coniectura

262 807 405 887 consequi
427 826 595 886 possumus,
617 815 667 868 aut
688 805 828 867 admoniti
850 825 867 867 a
888 807 966 886 regis
988 808 1105 882 amicis,
1133 811 1182 888 qui
1205 810 1236 870 in
1260 809 1339 872 Cae·

261 893 335 954 saris
363 901 448 953 erant
476 892 642 973 praesidiis,
675 900 725 952 aut
752 910 806 952 suo
836 891 933 970 priore
962 893 1085 954 consilio
1116 911 1171 972 per
1200 896 1338 956 occultos

262 978 385 1040 nuntios
405 978 469 1058 regi
491 977 616 1058 probato
638 977 749 1055 legatos
772 976 806 1037 ad
828 976 979 1038 Caesarem
1002 978 1156 1051 miserunt,
1178 987 1212 1038 ut
1233 979 1336 1040 dimit-

224 1071 338 1125 t'teret
369 1081 471 1143 regem
503 1063 687 1140 transireque
720 1062 755 1122 ad
787 1081 858 1123 suos
889 1071 1054 1142 pateretur:
1087 1071 1216 1141 paratam
1250 1063 1337 1123 enim

263 1167 380 1210 ornnem
403 1147 621 1209 multitudinem
643 1164 707 1208 esse
731 1148 895 1208 conlectam
917 1147 1012 1208 taedio
1030 1147 1154 1227 puellae,
1177 1147 1336 1208 fiduciario

260 1252 369 1314 regno,
399 1232 599 1294 dominatione
628 1231 829 1294 crudelissima
854 1232 1031 1313 Ganymedis
1053 1233 1147 1294 lacere
1176 1232 1220 1307 id,
1249 1233 1335 1310 quod

223 1329 238 1377 a
260 1337 311 1381 rex
333 1319 519 1398 imperasset;
543 1334 601 1395 quo
625 1317 649 1378 si
671 1326 792 1378 auctore
814 1318 845 1378 iu
863 1317 992 1379 Caesaris
1012 1317 1100 1377 fidem
1115 1317 1335 1394 amicitiamque

260 1403 377 1464 venturi
405 1410 518 1476 essent,
548 1401 659 1463 nullius
682 1403 806 1482 periculi
828 1403 965 1464 timorem
988 1402 1168 1464 multitudini
1189 1403 1253 1462 fore
1275 1401 1336 1462 im-

207 1488 445 1568 24pedimento,
480 1505 538 1565 quo
567 1487 667 1548 minus
693 1505 725 1548 se
755 1486 906 1548 dederent.
957 1487 1078 1561 Caesar,
1112 1487 1166 1548 etsi
1199 1486 1336 1547 fallacem

259 1581 377 1652 gentem
402 1590 577 1651 semperque
599 1572 654 1634 alia
677 1572 868 1649 cogitantem,
896 1573 949 1633 alia
972 1573 1160 1634 simulantem
1181 1571 1258 1632 hene
1281 1589 1336 1633 co-

259 1658 371 1736 gnitam
394 1657 528 1730 habebat,
551 1666 650 1717 tamen
673 1656 842 1736 petentibus
864 1656 934 1717 dare
955 1658 1069 1719 reniam
1093 1657 1164 1717 utile
1187 1675 1251 1718 esse
1273 1664 1336 1718 sta-

223 1751 237 1802 t
259 1743 324 1816 tuit,
347 1742 438 1822 quod,
460 1742 485 1803 si
507 1760 567 1820 quo
589 1751 676 1822 pacto
699 1741 844 1802 sentirent
866 1760 909 1814 ea,
932 1760 1008 1819 quae
1032 1741 1224 1821 postularent,
1247 1759 1335 1802 man-

259 1846 362 1889 surum
384 1829 415 1890 iu
437 1827 494 1887 fide
517 1827 668 1888 dimissum
691 1845 792 1905 regem
815 1826 968 1902 credebat;
998 1827 1060 1899 siu,
1087 1826 1115 1886 id
1138 1827 1216 1905 quod
1239 1827 1338 1905 magis

258 1912 376 1975 illorum
411 1921 533 1973 naturae
569 1910 777 1984 conveniebat,
818 1913 923 1972 ducem
956 1912 990 1972 ad
1025 1910 1135 1972 bellurn
1168 1910 1335 1990 gerendum

259 2016 359 2078 regem
388 1997 496 2058 habere
524 1997 647 2071 vellent,
678 1995 860 2076 splendidius
887 2003 975 2074 atque
997 1997 1151 2057 honestius
1172 2015 1204 2058 se
1226 2006 1335 2057 contra
1408 2033 1409 2042 κ

258 2102 364 2163 regem.
386 2101 472 2162 quarn
502 2090 605 2144 contra
634 2099 833 2142 convenarum
856 2099 889 2142 ac
912 2081 1102 2160 fugitivorum
1126 2099 1247 2141 manum
1269 2081 1333 2142 bel-

222 2175 236 2224 t
257 2169 317 2230 lum
348 2187 412 2230 esse
440 2175 600 2247 gesturum.
646 2166 747 2246 ltaque
769 2184 868 2245 regem
892 2168 1077 2240 cohortatus,
1107 2173 1140 2228 ut
1162 2166 1335 2227 consuleret

258 2271 351 2333 regno
373 2261 508 2333 paterno,
531 2260 666 2331 parceret
687 2250 938 2331 praeclarissimae
959 2253 1080 2332 patriae,
1103 2269 1178 2330 quae
1193 2251 1335 2330 turpibus

342 2435 387 2499 23,
407 2440 430 2490 1.
449 2440 527 2500 [mam]
546 2436 567 2487 ‘l'
637 2440 684 2502 qui
701 2438 828 2502 (possent)
847 2435 912 2488 FTV
981 2438 1054 2502 regis
1071 2438 1207 2501 (probato)
1224 2439 1253 2507 β,
1270 2441 1336 2502 regi

257 2503 363 2557 Ursinus
448 2507 472 2557 2.
491 2504 651 2568 [omnem1'l'
704 2508 808 2570 [regua]
827 2504 847 2555 T

340 2571 387 2635 24,
407 2577 429 2625 1.
454 2577 506 2623 otri
523 2571 601 2636 UFV,
625 2572 688 2623 ei'l'
776 2575 800 2626 2.
819 2589 870 2637 quo
892 2570 965 2632 facto
990 2574 1100 2622 sentiret
1116 2575 1150 2643 β,
1176 2588 1227 2636 quo
1250 2579 1332 2636 pacto

255 2643 386 2692 sentirent
403 2640 430 2693 P.
445 2639 574 2692 Manutius
622 2641 808 2706 postularetl'
871 2637 982 2703 [aare]V
1052 2640 1076 2691 3.
1093 2644 1218 2706 parceret
1233 2637 1336 2712 (⁰²)ss

289 2810 335 2876 23,
355 2815 376 2864 1.
394 2813 424 2861 iu
444 2810 564 2862 Caesarie
581 2847 607 2862 ..
623 2810 768 2876 praesidiis
817 2809 980 2860 multitudo.
998 2845 1004 2858 .
1024 2808 1132 2859 Caesari
1154 2817 1335 2861 occurrerunt

257 2879 390 2932 innerhalb
409 2877 452 2930 der
470 2893 521 2929 von
540 2877 617 2929 (laser
635 2879 767 2930 hesetzteu
817 2893 896 2942 seque
913 2880 938 2927 ai
955 2877 1121 2929 dediderunt.

256 2948 352 3011 Limen,
372 2947 424 3013 vgl.
443 2948 468 3008 3,
485 2948 526 3008 83,
545 2949 561 2998 4
579 2950 676 3012 quique
693 2949 766 2997 iutra
851 2944 926 3010 24,2
945 2944 1021 2997 (iasar
1034 2945 1102 3010 legte
1116 2945 1180 2996 nach
1204 2947 1228 3007 3,
1242 2947 1334 3009 109,6

251 3015 515 3084 praesidial'ompei
531 3012 653 3074 fuissent.
817 3015 860 3075 (ut
881 3016 973 3078 potius
992 3016 1102 3078 priuato
1128 3028 1277 3080 paucorum
1304 3018 1335 3063 et

289 3081 455 3148 manumque
468 3082 518 3148 vgl.
529 3082 579 3134 Gic.
592 3080 624 3133 de
636 3097 690 3134 seu.
708 3081 767 3148 §22
818 3082 953 3132 latronum
966 3097 1044 3146 quam
1055 3085 1130 3146 regio
1144 3081 1255 3132 oonsilio
1273 3097 1333 3131 suc-

255 3154 445 3216 quaeaiareque.
469 3149 615 3202 Vereiuzelt
639 3149 708 3202 steht
726 3148 767 3200 bel
818 3155 921 3216 captura
944 3150 1039 3201 bellum
1059 3149 1207 3213 videretur)
1231 3148 1334 3214 grossas

255 3220 331 3271 Gasar
346 3221 370 3282 3,
383 3222 423 3280 97,
437 3221 452 3271 3
470 3218 698 3283 commodioreque
713 3217 766 3268 uud
817 3216 933 3269 Gewiclrt
946 3216 1041 3282 daraul,
1059 3216 1115 3268 dals
1128 3216 1168 3268 die
1181 3214 1332 3268 Alexandri-

254 3286 287 3367 lll
313 3288 386 3352 tto
409 3287 593 3352 dignitateque
615 3286 674 3352 (que
701 3285 766 3337 tenta
818 3301 862 3337 ner
879 3300 961 3351 gagen
980 3283 1334 3364 den'Willeuilrresllduigs

253 3353 428 3477 “alell
447 3355 674 3473 ‘illul-”dial
716 3419 766 3473 m
817 3352 1122 3486 {tlttlltttlttt
1139 3352 1198 3472 la
1213 3353 1336 3473 latta}

254 3492 325 3556 Gonj.
344 3490 400 3543 Fut.
419 3490 488 3542 steht
508 3491 548 3543 bei
565 3493 590 3540 ri
607 3491 671 3542 auch
691 3493 731 3554 70,
751 3493 762 3541 1
818 3488 894 3540 (iasar
913 3488 984 3540 nieht
1001 3489 1154 3554 veranlatst‚
1176 3488 1225 3540 deu
1243 3487 1333 3554 lldnig

253 3564 278 3610 ai
288 3600 294 3610 .
306 3598 313 3612 .
325 3599 330 3611 .
340 3563 588 3624 repraesentaturus
606 3561 679 3611 earet.
706 3557 764 3623 Vgl.
816 3557 863 3608 lrei
875 3572 906 3608 au
916 3557 1007 3622 geben,
1020 3557 1138 3622 obgleich
1149 3557 1193 3608 ihu
1203 3556 1248 3608 der
1257 3556 1333 3611 Veri.

254 3627 304 3680 Cic.
324 3643 369 3693 pro
387 3625 440 3678 Mil.
459 3627 518 3693 §68
536 3630 561 3676 ai
578 3666 585 3678 .
605 3666 610 3678 .
629 3626 712 3676 Italia
731 3663 738 3676 .
756 3663 763 3676 .
815 3639 856 3676 am
870 3623 991 3704 Sclqlusse
1004 3624 1048 3676 des
1062 3624 1177 3690 Kapitels
1195 3624 1261 3676 noch
1274 3625 1333 3676 ein-

253 3691 764 3815 ttulit„tlr‘ttlrlttttull
814 3691 1246 3826 lllllatlt‘tttlattltt
1261 3692 1333 3811 ἓξὲξ

252 3831 296 3882 lat.
315 3830 401 3881 texta.
418 3848 443 3883 n.
462 3829 544 3883 Gram.
562 3829 592 3882 lll
609 3827 635 3881 S.
654 3832 712 3883 346.
813 3829 897 3891 ailiam
911 3829 1060 3880 vermutlich
1073 3828 1151 3880 hollte
1163 3830 1238 3880 Gasar
1247 3827 1333 3882 durch

287 3899 418 3950 deda-eat.
453 3897 502 3951 Der
515 3898 622 3951 Pluralis
635 3899 704 3950 steht
720 3898 762 3948 bei
814 3895 951 3948 Uafriedeu
983 3896 1111 3948 zwischen
1140 3898 1247 3949 Arsinoe
1275 3899 1332 3949 und

252 3967 394 4017 multitudo
412 3968 477 4020 auch
495 3969 564 4033 32,3
591 3966 763 4017 Omniseaa'nt
813 3963 977 4017 Ptolomaeus
996 3965 1037 4018 die
1055 3964 1149 4017 Feiude
1168 3982 1198 4017 zu
1217 3965 1332 4031 spalten.
1402 4027 1403 4030 Ἴ
