2860 4572
237 255 278 314 48
656 254 762 308 CAPUT
782 259 821 310 58.
836 260 876 311 59.

238 428 321 492 ribus
342 428 453 490 viribus
475 427 518 488 uti
540 425 704 500 ridebatur,
729 445 825 506 aeque
847 436 1000 509 potentem
1022 440 1187 510 opponeret
1208 429 1308 509 digni·
1395 433 1396 472 l

239 522 345 590 tatem,
378 513 431 576 Cn.
463 511 604 592 Pompeio
634 531 666 574 se
697 513 879 592 provinciam
910 515 1075 594 reciperare
1108 515 1181 576 velle
1210 514 1309 594 palam

204 611 219 662 t
240 599 398 660 dictitabat.
437 597 475 658 Et
495 596 619 658 forsitan
639 598 724 658 etiam
741 599 798 659 hoc
812 599 916 660 lecerit
931 600 997 660 odio
1013 601 1142 662 Caesaris
1164 609 1193 660 et
1208 617 1309 660 amore
1395 617 1396 664 1

239 684 370 762 Pompei,
393 684 477 746 cuius
501 701 609 743 nomen
633 682 758 752 multum
777 685 983 764 poteratapud
1005 703 1054 746 eas
1069 685 1210 765 legiones,
1233 703 1309 763 quas

202 779 216 829 t
237 770 275 830 M.
299 769 389 830 Varro
412 768 590 829 obtinuerat.
633 767 692 828 Sed
714 769 752 841 id,
776 787 832 847 qua
848 781 956 841 mente,
979 771 1145 831 communis
1167 779 1213 831 est
1235 789 1310 831 con·

239 855 366 914 iectura:
392 863 472 914 certe
493 853 551 913 hoc
574 871 645 931 prae
666 871 698 914 se
714 853 841 914 Thorius
862 854 990 928 lercbat;
1012 856 1118 916 milites
1140 854 1213 916 adeo
1236 856 1310 916 late-

240 939 363 1010 bantur,
391 949 425 1000 ut
439 938 492 1000 Cn.
517 938 637 1017 Pompei
661 957 769 999 nomen
792 939 824 999 in
846 939 937 1001 scutis
958 940 1132 1019 inscriptum
1154 940 1309 1002 haberent.
1396 945 1397 966 ³

202 1024 392 1103 tFrequens
420 1022 586 1103 legionibus
615 1032 779 1084 conventus
807 1023 920 1085 obviam
946 1025 1045 1103 prodit
1068 1043 1165 1103 neque
1194 1034 1308 1086 tantum

239 1111 379 1183 virorum,
404 1111 454 1171 sed
478 1109 565 1172 etiam
588 1117 712 1168 matrum
735 1108 857 1169 familias
878 1128 912 1170 ac
934 1118 1182 1188 praetextatorum
1204 1111 1308 1189 depre-

241 1204 398 1273 caturque,
430 1213 468 1255 ne
496 1193 594 1254 hostili
622 1194 748 1254 advento
777 1192 943 1255 Cordubam
972 1194 1148 1274 diriperent:
1181 1212 1250 1255 nam
1278 1213 1309 1256 se

241 1291 344 1342 contra
367 1279 496 1342 Cassium
520 1278 688 1340 consentire
711 1297 779 1339 cum
802 1280 955 1354 omnibus;
978 1289 1081 1340 contra
1097 1280 1249 1341 Caesarem
1274 1299 1311 1340 ne
1397 1305 1398 1308 ¹

189 1367 228 1425 59
242 1367 337 1426 lacere
368 1374 562 1442 cogerentur,
596 1381 691 1424 orare.
744 1363 855 1426 ‘lentae
887 1365 1083 1427 multitudinis
1113 1364 1253 1444 precibus
1283 1375 1313 1425 et

242 1449 369 1510 lacrimis
397 1449 543 1510 exercitus
572 1458 737 1510 commotus
765 1467 831 1510 cum
860 1450 972 1511 videret
992 1451 1026 1510 ad
1051 1449 1181 1512 Cassium
1211 1468 1313 1530 perse·

242 1535 392 1613 quendum
422 1533 496 1593 nihil
525 1552 600 1612 opus
628 1552 692 1594 esse
721 1534 773 1595 Cu.
805 1535 925 1614 Pompei
955 1536 1076 1596 nomine
1104 1544 1133 1596 et
1161 1535 1312 1608 memoria,

241 1629 360 1698 tamque
382 1618 519 1679 omnibus
542 1617 723 1680 Caesarianis
745 1637 833 1696 quam
852 1620 1039 1700 Pompeianis
1054 1620 1224 1700 Longinum
1248 1639 1312 1682 esse

242 1705 272 1764 in
303 1704 386 1778 odio,
420 1721 517 1781 neque
545 1723 576 1764 se
606 1714 783 1765 conventum
815 1723 911 1783 neque
939 1705 977 1766 M.
1007 1706 1174 1767 Marcellum
1209 1716 1313 1767 contra

243 1788 374 1851 Caesaris
402 1807 520 1850 causam
548 1807 634 1868 posse
663 1789 841 1869 perducere,
873 1808 979 1851 nomen
1007 1791 1128 1870 Pompei
1157 1810 1192 1852 ex
1222 1791 1314 1852 scutis

205 1882 220 1933 t
243 1875 448 1948 detraxerunt,
477 1874 662 1948 Marcellum,
692 1876 796 1954 quise
820 1874 950 1936 Caesaris
977 1893 1092 1936 causam
1122 1876 1313 1938 defensurum

243 1959 451 2040 profitebatur,
480 1958 584 2020 ducem
607 1960 793 2022 adsciverunt
821 1965 1046 2040 praetoremque
1075 1961 1264 2042 appellarunt
1286 1969 1314 2022 et

243 2055 422 2107 conventum
438 2043 493 2106 sibi
516 2046 714 2108 adiunxerant
729 2055 883 2124 castraque
898 2045 933 2106 ad
950 2043 1115 2106 Cordubam
1139 2055 1313 2126 posuerunt.

206 2138 220 2188 t
244 2131 359 2192 Cassius
382 2149 416 2191 eo
446 2129 535 2191 biduo
564 2130 683 2191 circiter
704 2150 748 2191 ιιιι
776 2131 853 2192 milia
882 2149 1021 2210 passuum
1044 2150 1060 2192 a
1084 2131 1219 2192 Corduba
1243 2131 1313 2192 citra

244 2217 353 2276 ilumen
378 2215 488 2276 Raetim
511 2217 541 2276 in
569 2215 670 2294 oppidi
697 2227 859 2296 conspectu
881 2216 946 2277 loco
976 2215 1090 2278 excelso
1113 2217 1183 2277 lacit
1205 2226 1310 2289 castra;
1400 2227 1401 2244 l

244 2301 356 2362 litteras
384 2300 418 2360 ad
447 2318 546 2379 regem
576 2300 726 2381 Bogudem
755 2302 785 2361 in
814 2301 1023 2362 Mauretaniam
1052 2311 1081 2362 et
1108 2300 1146 2362 M.
1169 2302 1311 2381 Lepidum

327 2485 373 2548 58,
393 2490 416 2537 1.
434 2486 476 2534 aeti
492 2483 633 2534 videbatur
649 2483 787 2536 virtbml'
841 2488 864 2537 3.
882 2489 1028 2536 communis
1046 2491 1105 2536 erat
1121 2488 1276 2538 contectura
1308 2526 1315 2552 ,

245 2556 298 2604 erit
317 2551 420 2617 Madvig
437 2549 501 2603 Adv.
524 2551 577 2602 crit.
596 2551 615 2602 ll
635 2567 657 2617 p.
676 2553 735 2617 284,
752 2556 800 2602 eet
816 2551 844 2603 R.
864 2551 940 2605 Sclm.
1008 2557 1136 2620 scripturn
1156 2552 1177 2603 V
1230 2558 1254 2606 4.
1273 2489 1315 2606 ἆξ-

243 2625 370 2689 precetur
387 2636 456 2687 qnae
474 2617 518 2669 TV
570 2617 772 2678 nefacerentur
789 2619 907 2671 orarel'
1051 2666 1055 2676 ,

328 2689 374 2753 be,
395 2692 416 2741 1.
435 2703 500 2752 opus
523 2692 588 2737 erret
604 2685 668 2738 UP'l'
754 2693 889 2753 tamquam
910 2691 1032 2739 omnibus
1049 2687 1094 2740 TV
1197 2688 1314 2742 camel*

297 2759 320 2810 2.
339 2760 384 2821 [et]
402 2753 598 2808 conuentan
673 2757 697 2808 3.
714 2756 801 2807 Betim
819 2754 864 2806 TV
940 2755 1108 2822 BogudenU
1152 2820 1156 2826 ῃ

280 2912 303 2962 3.
335 2911 480 2960 communie
510 2908 569 2959 ert*
601 2911 754 2959 coniectura
805 2909 857 2960 nrt.
878 2910 970 2971 10,12,
988 2911 1005 2960 4
1022 2912 1054 2959 ut
1070 2914 1188 2976 tyranno
1206 2910 1236 2958 tn
1254 2908 1315 2959 odio

241 2972 362 3031 ‘dariiber
384 2978 455 3028 steht
476 2977 563 3041 jedem
587 2975 628 3027 die
652 2975 756 3028 Vermu-
805 2976 1129 3038 supercrescerent.

247 3054 311 3112 tnng
338 3037 406 3108 lrei',
441 3045 493 3109 vgl.
518 3044 571 3095 Liv.
600 3046 647 3106 23,
669 3047 715 3107 41,
739 3047 754 3098 8
840 3043 1175 3097 documentorum
1188 3042 1317 3096 desPom·

248 3129 328 3182 quam
345 3129 408 3164 vera
426 3117 473 3177 rit,
497 3115 642 3164 communie
663 3116 756 3164 ectete'-
806 3114 881 3179 pejus
909 3128 976 3176 wer,
1004 3114 1053 3164 wis
1081 3128 1109 3164 es
1133 3112 1247 3176 ecbeint,
1275 3109 1319 3162 eui

247 3186 330 3232 matio
344 3187 397 3245 ert,·
414 3181 465 3233 und
478 3179 506 3232 H.
519 3180 542 3233 J.
556 3180 647 3232 Mtrller
658 3196 689 3232 zu
702 3182 755 3234 liv.
807 3182 888 3233 ciuem
908 3179 1046 3233 Titelchen
1065 3179 1232 3246 angebrecbt;
1252 3179 1318 3231 doeh

248 3254 272 3313 4,
291 3252 331 3312 20,
351 3253 373 3303 8.
808 3257 865 3315 sagt
883 3248 929 3301 bio
948 3250 1049 3301 Cassius
1071 3252 1111 3308 42,
1130 3252 1170 3312 15,
1188 3251 1203 3300 5
1222 3250 1269 3298 καὶ
1286 3245 1318 3299 τὸ

255 3351 259 3358 ·
281 3315 757 3382 fatebantur-indieSteigerungvon
809 3336 839 3389 ys
862 3315 950 3382 ὄνομα
972 3315 1005 3369 τὸ
1028 3317 1076 3368 τοῦ
1093 3319 1237 3382 Πομπηίου
1259 3315 1319 3368 τῶν

244 3403 313 3453 pree
329 3403 357 3436 re
377 3384 487 3445 ferebm.
523 3382 631 3436 Thorius
655 3386 755 3437 mechte
807 3385 987 3452 στρατιωτῶν
1004 3387 1063 3436 ταῖς
1079 3378 1193 3436 ἀσπίσιν
1208 3385 1321 3455 ἐπιγρα·

249 3455 307 3507 lein
327 3453 389 3507 llelrl
408 3454 506 3517 dereris,
525 3452 565 3504 die
579 3452 700 3505 Soldeten
719 3469 757 3505 er·
806 3451 923 3524 ψὰντων
941 3447 1097 3522 ἀπήλειψεν.

249 3523 348 3574 111ιιειι
366 3537 394 3574 es
413 3522 459 3573 lrei
477 3521 575 3572 berane.
842 3524 865 3574 3.
884 3525 954 3571 citra
971 3523 1070 3584 flumen
1087 3521 1190 3572 Baetim
1207 3519 1242 3572 ist
1260 3533 1320 3572 vom

284 3594 307 3643 4.
319 3589 598 3643 recontroCeretnrn
610 3591 759 3640 consentire
809 3588 989 3656 Standpunlrte
1013 3589 1058 3640 des
1081 3589 1183 3641 Cassius
1205 3603 1237 3640 zu
1264 3603 1321 3639 rer·

250 3675 310 3710 eum
327 3661 448 3709 omnibus
477 3657 529 3723 rgl.
554 3655 670 3709 Valerius
691 3655 756 3709 Mex.
810 3657 914 3722 steben,
937 3658 982 3709 der
1004 3657 1049 3709 aul
1068 3656 1126 3708 dem
1150 3656 1236 3708 linken
1259 3654 1322 3707 ure

250 3730 323 3792 9,11
343 3734 421 3778 exter.
440 3727 455 3777 3
479 3741 538 3776 cum
555 3725 690 3776 Sariaster·
713 3727 758 3776 ad·
811 3725 863 3777 siclt
883 3725 983 3778 beland.

249 3811 340 3846 cerrus
367 3799 473 3860 patrem
501 3809 578 3844 suum
608 3833 615 3848 .
645 3831 651 3846 .
683 3831 689 3844 .
718 3798 758 3844 tte
844 3792 1016 3845 Mauretanien
1033 3791 1140 3845 bestend
1159 3791 1256 3844 damnis
1275 3805 1322 3843 ens

250 3878 310 3913 cunr
327 3865 420 3913 amicir
437 3864 607 3914 consenserit.
809 3861 875 3912 zuei
902 3861 979 3914 durclr
1002 3861 1052 3913 den
1076 3859 1147 3913 Pluto
1171 3859 1321 3912 Molochath

284 3928 366 3995 52,1.
384 3946 439 3981 eree
456 3934 491 3980 e'n
510 3930 570 3981 odio
587 3929 639 3996 vgl.
658 3929 708 3982 Cic.
728 3927 757 3982 ed
810 3928 1012 3997 (Med-Mnldye)
1039 3935 1188 3996 getrennten
1215 3926 1320 3980 ‘Pellene
