2860 4572
255 298 274 357 2
698 300 805 354 CAPUT
826 305 847 356 1.
861 305 884 355 2.

253 482 294 545 01,
317 490 404 551 quam
424 473 660 553 angustissimam
682 481 795 552 partem
818 473 918 553 oppidi
940 475 1025 554 palus
1046 494 1062 535 a
1085 476 1205 538 meridie
1227 477 1326 538 inter·

253 558 326 619 iecte
355 557 515 629 efficiebat,
545 558 622 619 hane
653 557 793 637 operibus
821 559 973 637 vineisque
1000 562 1119 638 agendis
1147 561 1183 623 ab
1206 562 1324 641 reliqua

215 651 334 722 aparte
362 641 444 705 urbis
473 642 657 716 excluderet,
686 643 757 703 illud
786 653 940 724 spectans,
967 645 1112 724 primum,
1142 658 1182 721 ut,
1205 665 1271 708 cum
1288 648 1320 708 in

253 728 325 788 duas
346 735 444 806 partes
466 739 543 790 esset
564 728 636 790 urbs
657 727 756 798 divisa,
778 729 854 790 acies
875 747 936 789 uno
952 729 1077 792 consilio
1092 740 1179 810 etque
1195 733 1320 813 imperio

252 812 514 886 administraretur,
532 813 646 886 deinde,
662 821 696 874 ut
710 812 912 875 laborantibus
926 815 1060 875 succurri
1075 824 1162 894 atque
1178 835 1213 876 ex
1229 818 1322 878 altera

213 907 229 958 6
251 897 350 977 oppidi
372 908 456 977 parte
478 898 617 959 auxilium
638 899 708 959 lerri
734 907 849 978 posset,
878 899 907 959 in
937 899 1040 979 primis
1066 918 1152 973 vero,
1184 912 1216 961 ut
1243 920 1321 980 equa

250 981 419 1063 pabuloque
449 983 626 1055 abundaret,
657 1001 780 1062 quarum
812 983 931 1046 alterius
958 985 1001 1046 rei
1029 984 1143 1064 copiam
1174 987 1320 1064 exiguam,

250 1067 369 1130 alterius
398 1069 507 1130 nullam
538 1068 660 1130 omnino
688 1069 856 1130 facultatem
883 1068 1024 1143 babebat;
1053 1070 1133 1148 quod
1157 1078 1320 1150 utrumque
1406 1121 1407 1130 ,

214 1153 331 1233 blarge
359 1154 444 1233 palus
471 1154 613 1233 praebere
638 1161 763 1233 poterat.
807 1155 908 1234 Neque
930 1172 999 1216 vero
1021 1149 1093 1237 (ab)
1113 1155 1321 1216 Alexandrinis

249 1238 281 1299 in
303 1239 442 1316 gerendis
464 1238 591 1315 negotiis
613 1239 762 1301 cunctatio
780 1239 838 1301 ulla
853 1249 903 1300 aut
918 1258 1001 1301 mora
1015 1240 1206 1301 inferebatur.
1243 1239 1318 1300 Nam

249 1323 279 1383 in
304 1341 408 1384 ornnes
429 1331 537 1403 partes,
559 1341 614 1403 per
635 1341 708 1403 quas
729 1325 805 1386 lines
826 1325 950 1406 Aegypti
972 1343 1158 1405 regnumque
1177 1324 1321 1405 pertinet,

247 1407 360 1486 legatos
381 1408 656 1487 conquisitoresque
678 1407 803 1471 dilectus
823 1410 951 1471 habendi
973 1429 1060 1472 causa
1082 1411 1231 1484 miserant,
1252 1427 1319 1470 me-

247 1510 399 1571 gnumqne
427 1510 585 1554 numerum
613 1494 644 1554 in
674 1493 815 1573 oppidum
842 1494 968 1556 telorum
991 1506 1079 1574 atque
1100 1504 1318 1558 tormentorum
1406 1493 1407 1498 ’

248 1587 446 1639 convexerant
472 1587 501 1639 et
522 1577 766 1639 innumerabilem
789 1579 1008 1640 multitudinem
1029 1578 1244 1664 (armatorum)
1266 1580 1321 1640 ed·

210 1662 400 1724 eduxerant.
443 1663 504 1725 Nec
533 1663 632 1724 minus
660 1664 691 1725 in
721 1664 794 1726 urbe
821 1664 963 1724 maximae
990 1681 1138 1726 armorum
1163 1677 1248 1727 eraut
1269 1666 1317 1725 in·
1406 1708 1407 1758 ἰ

246 1748 364 1809 stitutae
387 1748 532 1810 officinae.
577 1749 683 1809 Servos
704 1757 856 1828 praeterea
878 1748 1007 1828 puberes
1028 1758 1227 1822 armaveranu
1250 1751 1318 1828 qui·
1406 1760 1407 1783 ¹

246 1831 303 1893 bus
336 1833 448 1894 domini
480 1833 689 1913 locupletiores
722 1833 829 1895 vietum
862 1833 1043 1895 cotidianum
1075 1834 1321 1913 stipendiumque

208 1928 223 1978 e
245 1917 437 1998 praebebant.
481 1918 541 1979 llac
563 1917 751 1979 multitudine
773 1919 913 1998 disposita
936 1918 1115 1980 munitiones
1137 1928 1316 1980 semotarum

330 2036 355 2097 1,
369 2039 392 2088 5.
410 2039 566 2101 exspectans
582 2034 644 2086 oder
662 2039 804 2102 expectem
820 2037 850 2107 β,
867 2039 988 2102 spectans
1003 2033 1167 2087 Vascosenns
1251 2038 1316 2087 urbe

246 2104 352 2168 (diuisa)
370 2102 443 2167 UFT,
460 2106 535 2155 urbia
552 2102 575 2152 V

329 2172 357 2236 2,
372 2176 393 2226 1.
410 2171 479 2242 (00)
490 2172 687 2222 Ateoeamdrinir
703 2169 796 2224 barsen
809 2170 898 2224 Studia
915 2172 941 2221 iu
959 2169 1074 2223 libellum
1093 2169 1182 2222 incerti
1201 2170 1313 2228 auctoris

245 2236 277 2292 de
295 2240 365 2292 bello
377 2239 557 2303 Alexandrino,
570 2239 683 2292 Heuuiae
697 2241 770 2304 1886,
788 2255 813 2306 p.
826 2242 841 2292 3
893 2237 1094 2290 multitudinem
1111 2235 1315 2304 <ametor-em>

244 2305 525 2448 Εο.ε1110011οἑ,Ρο050
543 2308 588 2360 der
605 2307 635 2360 K.
653 2306 856 2361 Studienenstalt
872 2306 971 2360 Pescen
993 2309 1066 2360 1880.
1078 2303 1111 2364 ¹S.
1130 2305 1145 2358 8
1232 2307 1256 2357 3.
1273 2322 1315 2355 se-

243 2391 286 2428 mo
300 2392 377 2427 orum

243 2476 338 2529 rustice
357 2478 386 2528 5:
405 2475 608 2540 sterquilinium
625 2491 753 2541 magnum
803 2475 905 2528 111111οο
914 2475 994 2529 teilte.
1015 2474 1061 2527 Die
1073 2473 1177 2526 antiken
1187 2472 1313 2526 8001000-

243 2544 319 2595 stude
335 2548 368 2594 ut
384 2545 487 2594 tatem.
803 2548 870 2595 reste
889 2543 1003 2594 daselbst
1025 2548 1149 2594 stammen
1174 2556 1220 2593 eus
1244 2540 1314 2593 einer

277 2611 356 2664 Unter
372 2610 431 2664 dem
449 2610 503 2661 bier
519 2608 666 2660 erwibnten
680 2608 753 2661 Sum·
803 2626 816 2662 s
835 2610 1084 2674 iterenZeit,lri1ber
1094 2607 1313 2662 wardieseStelle

243 2680 287 2749 ple
310 2679 345 2731 ist
363 2678 433 2731 nicht
455 2677 499 2730 der
517 2677 684 2729 mareotische
703 2676 752 2728 See
804 2626 861 2730 ebre
882 2676 1006 2744 sumpfige
1024 2677 1118 2730 Wiese.
1138 2675 1194 2743 Vgl.
1213 2675 1312 2741 Stoliel,

243 2765 275 2800 zu
293 2747 443 2811 versteben,
464 2745 495 2796 de
512 2746 588 2797 Gisar
606 2744 653 2796 mit
669 2745 753 2796 seicer
803 2744 912 2798 Histoire
931 2747 961 2798 de
973 2744 1046 2798 Jnles
1058 2745 1148 2810 Cesar,
1165 2744 1260 2797 Guerre
1278 2746 1312 2796 ci·
1404 2749 1405 2754 ’

244 2812 752 2948 tittteletttlmtthttttttltl
803 2812 1312 2947 titillatio-,iteditt-titt

243 2953 402 3016 Entlernung
424 2965 485 3001 vom
507 2949 561 3016 llap
580 2948 687 3000 Locbies
713 2948 752 3000 bis
803 2949 973 3014 zweilelbalt,
996 2950 1029 3001 ob
1051 2950 1128 3001 Gisar
1150 2948 1176 3001 10
1198 2948 1246 3000 den
1263 2946 1310 2998 Be-

244 3037 302 3074 zum
313 3019 497 3071 merectiechen
506 3016 563 3081 See,
573 3017 664 3068 mitten
673 3015 751 3068 durch
803 3017 850 3069 sitz
873 3018 955 3071 dieser
979 3015 1123 3084 Niederung
1149 3015 1223 3080 kam,
1249 3014 1313 3068 oder

243 3088 285 3141 die
297 3086 391 3140 leinde
409 3086 561 3150 vordringen
578 3083 682 3136 konnte.
706 3083 752 3136 ltie
802 3085 847 3137 der
861 3083 1047 3149 Wasserertreg
1064 3087 1131 3137 muts
1148 3083 1207 3136 sehr
1221 3083 1310 3150 gering

242 3155 443 3223 Ausgrebungen
476 3168 527 3204 von
553 3151 674 3204 blehmud
696 3151 751 3220 Bey
802 3167 921 3220 genesen
940 3153 1002 3206 sein.
1029 3152 1086 3221 Vgl.
1106 3168 1159 3220 cap.
1179 3149 1230 3204 511.

242 3223 374 3288 (Memoire
392 3236 435 3272 sur
451 3221 574 3288 l'entique
590 3220 750 3272 Alexandrie.
835 3220 887 3286 22
904 3219 1056 3273 Alexandria
1074 3219 1239 3274 entwiclrelte
1256 3218 1310 3271 sich

242 3287 752 3359 00000105001812),010001110000-
802 3304 892 3356 wegen
921 3290 1004 3342 seiner
1033 3289 1213 3354 vorzdglieben
1244 3287 1309 3352 Lege

241 3361 346 3426 lassung
364 3357 510 3423 Nepoleons
527 3356 565 3408 lll.
586 3356 752 3408 veranstaltet
800 3357 853 3408 000
865 3359 939 3409 unter
950 3355 1096 3424 derlrlugen
1109 3356 1216 3422 Leitung
1227 3356 1311 3407 seirer

242 3426 359 3489 worden,
382 3425 464 3476 baben
481 3425 604 3491 ergeben‚
626 3423 682 3476 dats
699 3439 750 3476 ron
800 3424 935 3477 llerrseber
952 3439 981 3478 so
993 3425 1158 3489 rortrelllicb,
1180 3423 1235 3476 dats
1252 3437 1308 3474 man

241 3495 299 3547 dem
322 3491 454 3559 Nilkenal,
477 3493 521 3545 der
541 3494 575 3544 irn
599 3491 684 3544 Sitden
710 3491 751 3544 die
801 3493 871 3544 nicht
897 3493 972 3545 lane
1001 3493 1065 3546 nach
1095 3493 1191 3545 diesem
1219 3491 1308 3554 Kriege

242 3561 317 3616 Stedt
334 3561 444 3628 umllols,
463 3561 519 3614 eine
536 3559 750 3627 Bodensenlmug,
801 3559 842 3612 die
860 3559 922 3613 lreie
940 3507 1120 3628 bevillrerung
1141 3560 1187 3612 aul
1203 3562 1251 3613 300
1261 3562 1313 3612 000·

241 3633 386 3686 ooo-too
405 3645 430 3680 m
453 3629 520 3681 breit
537 3626 588 3680 und
607 3642 654 3680 nur
672 3629 751 3681 3-4
801 3627 1250 3696 11001000ιὲ00(01000111,52);
1269 3626 1308 3678 die

240 3715 265 3752 m
289 3699 352 3751 uber
374 3698 433 3750 dem
455 3695 651 3764 bleeresspiegel
677 3697 749 3748 ertio-
801 3711 883 3763 gegeu
911 3697 987 3750 Giser
1016 3697 1185 3763 eulgebotene
1214 3694 1307 3754 blacbt,

240 3769 299 3833 beu,
317 3767 370 3818 sich
391 3768 430 3818 bis
442 3781 498 3817 zum
511 3763 566 3832 llap
579 3763 685 3816 Lochias
699 3779 751 3816 von
801 3780 833 3817 zu
850 3765 895 3816 der
911 3767 974 3818 auch
988 3764 1101 3818 Skleren
1118 3765 1307 3832 binzugezogen

241 3836 326 3889 Stiden
353 3835 417 3886 nach
443 3832 545 3886 Norden
571 3833 663 3899 binzcg
690 3832 750 3898 (pa-
801 3831 1308 3898 worden,mulsalsoderZablnachge

241 3906 281 3956 irre
300 3920 316 3954 a
332 3903 445 3954 meridie
464 3903 627 3966 interiecta),
650 3901 750 3954 welche
802 3901 892 3967 waltig
904 3916 1025 3967 genesen
1038 3902 1100 3953 sein.
1124 3901 1201 3953 Gisar
1212 3899 1307 3952 konnte

240 3973 295 4026 also
318 3972 359 4024 die
382 3970 457 4024 Stadt
478 3971 504 4023 in
528 3969 593 4022 zuei
615 3968 749 4036 nngleicbe
798 3967 838 4021 ihr
856 3967 981 4037 vorliufig
998 3985 1045 4022 nur
1062 3971 1129 4022 1000
1146 3967 1234 4031 01000,
1254 3965 1306 4019 der-
