2860 4572
98 323 101 328 ’
213 255 254 358 aa
536 274 540 283 '
630 299 738 354 curun
758 303 866 356 ae-aa.

212 471 360 552 prolugit;
388 472 437 533 oui
459 472 515 534 nisi
543 482 707 535 castrorum
737 473 920 553 oppugnatio
947 473 1115 535 facultatem
1140 474 1288 536 attulisset

214 557 337 618 liberius
351 557 548 637 profugiendi,
564 559 644 619 vivus
658 558 690 618 iu
706 557 836 620 Caesaris
849 567 1024 638 potestatem
1040 558 1184 620 adductus
1199 569 1285 621 esset.

167 647 200 703 tl
302 642 364 703 'l'ali
393 642 512 704 victoria
540 643 628 705 toties
656 644 749 704 victor
778 644 882 706 Caesar
910 643 1076 705 incredibili
1105 653 1151 706 est
1178 643 1286 704 laetitia

212 728 359 801 adfectus,
388 728 466 806 quod
496 729 655 790 marimum
683 729 793 790 bellum
821 737 902 789 muta
928 728 1079 791 celeritate
1106 731 1286 802 confecerat,

212 813 351 892 quodque
372 813 462 874 subiti
490 813 613 893 periculi
636 815 840 875 recordatione
866 814 969 876 laetior
990 814 1111 875 dctoria
1133 813 1227 876 facilis
1249 831 1285 875 ex

175 907 191 959 2
211 897 389 959 difficillimis
410 897 500 959 rebus
522 899 676 960 acciderat
713 899 808 961 Ponto
832 909 953 979 recepto
971 900 1077 977 praeda
1100 901 1182 960 omni
1204 900 1285 978 regia

192 982 353 1045 vmilitibus
384 983 549 1045 condonata
582 992 701 1062 postero
731 984 777 1044 die
807 1002 874 1045 cum
906 984 1048 1064 expeditis
1076 984 1287 1064 equitibusque

211 1069 275 1148 ipse
297 1069 503 1148 proficiscitur,
525 1069 673 1148 legionem
695 1077 806 1130 sextam
821 1069 964 1130 decedere
986 1070 1021 1130 ad
1043 1071 1174 1149 praemia
1196 1078 1285 1148 atquc

211 1156 342 1215 honores
364 1153 551 1232 accipiendos
573 1154 604 1214 in
626 1152 738 1214 ltaliam
761 1154 858 1229 iubet,
884 1153 989 1215 auxilia
1012 1153 1140 1215 Deiotari
1162 1156 1285 1215 domum

211 1238 348 1314 remittit3
371 1238 443 1300 duas
460 1239 592 1317 legiones
607 1257 674 1298 oum
691 1238 790 1300 Coelio
806 1239 959 1300 Viniciano
975 1241 1005 1299 ia
1022 1239 1117 1300 Ponto
1133 1239 1286 1318 relinquit.

169 1323 253 1385 lslta
276 1342 330 1403 per
351 1322 580 1401 Gallograeciam
598 1323 824 1404 Bithyniamque
846 1325 876 1384 iu
900 1324 996 1385 Asiam
1020 1325 1075 1384 iter
1097 1325 1168 1385 lacit
1187 1325 1286 1385 omni·

214 1427 324 1486 umque
339 1424 440 1467 earum
454 1407 674 1486 provinciarum
689 1409 725 1470 de
735 1409 946 1471 controversiis
961 1409 1115 1489 cognoscit
1129 1420 1159 1470 et
1173 1410 1285 1484 statuit5

176 1493 275 1554 tiara
298 1492 328 1552 in
351 1493 523 1565 tetrarchas,
546 1511 640 1570 reges,
663 1494 792 1556 civitates
814 1494 970 1556 distribuit.
1008 1493 1194 1555 Mithridaten
1212 1493 1285 1555 Per-

211 1595 379 1656 gamenum,
400 1572 453 1660 (a)
475 1595 533 1655 quo
549 1595 612 1638 rem
628 1578 753 1639 feliciter
767 1579 961 1658 celeriterque
977 1589 1087 1657 gestam
1103 1579 1133 1640 in
1150 1579 1285 1660 Aegypto

211 1680 299 1741 supra
322 1661 503 1741 scripsimus,
525 1663 608 1741 regio
631 1680 741 1741 genere
763 1672 877 1738 ortum,
901 1664 1064 1743 disciplinis
1086 1665 1174 1725 etiam
1195 1666 1286 1744 regiis

211 1747 367 1809 educatum
398 1744 480 1830 (nam
510 1765 577 1808 eum
605 1747 804 1820 Mithridates,
834 1766 885 1809 rer
914 1750 998 1810 Asiae
1026 1749 1132 1822 totius,
1161 1759 1285 1829 propter

211 1832 393 1894 nobilitatem
420 1833 562 1910 Pergamo
591 1851 693 1894 secum
720 1833 876 1912 parvulum
903 1843 1102 1914 asportaverat
1129 1835 1160 1895 in
1189 1845 1286 1896 castra

211 1919 379 1997 multosque
406 1917 569 1978 retinuerat
596 1915 704 2000 anuos)
731 1936 831 1996 regem
856 1919 978 1998 Bospori
1006 1919 1175 1994 constituit,
1204 1921 1284 2000 quod

209 1999 372 2086 (regnum)
393 2002 449 2064 sub
472 2003 596 2082 imperio
619 2004 777 2064 Pharnacis
799 2004 909 2078 luerat,
932 2003 1158 2084 provinciasque
1179 2006 1284 2085 populi

211 2089 337 2149 Romani
358 2106 375 2147 a
390 2087 523 2149 barbaris
538 2097 626 2168 atque
641 2089 767 2150 inimicis
783 2089 903 2169 regibus
918 2090 1094 2168 interposito
1108 2089 1285 2152 amicissimo

296 2219 338 2284 Mi,
356 2223 380 2272 4.
399 2221 551 2286 [attulisset]
569 2219 600 2287 Τ,
618 2224 784 2273 attribuisset
799 2220 823 2273 V

296 2287 335 2342 77.
353 2291 374 2339 l.
393 2287 498 2339 laetitia
517 2289 590 2340 ertB
643 2292 738 2341 laetior
756 2291 828 2356 quod
843 2294 872 2361 β,
890 2291 981 2357 [quod]
989 2287 1049 2344 um.
1062 2289 1196 2342 Hoffmann
1217 2292 1282 2344 1857

208 2354 457 2474 praehlhllllllgTV
500 2358 523 2409 2.
543 2359 674 2424 expeditio
690 2357 905 2428 equitidua<que)
923 2357 951 2411 R.
971 2358 1047 2411 Schu.
1100 2357 1242 2410 {finitione
1260 2357 1282 2410 Τ

260 2427 311 2473 rel
329 2425 372 2473 uid

293 2442 337 2552 lg,
362 2494 384 2542 1.
408 2491 549 2557 [ciuitates]
573 2492 592 2543 F
678 2496 702 2545 2.
724 2493 771 2562 (a)
795 2509 847 2558 quo
871 2492 1016 2560 Stephanus
1111 2509 1200 2545 rectem
1218 2510 1285 2560 par-

207 2557 337 2609 culum'l
421 2560 555 2624 Bosphori
572 2559 655 2624 tUF'l',
678 2560 830 2622 Bosfore'V
900 2563 973 2628 quod
987 2566 1021 2633 β,
1042 2561 1115 2628 quod
1134 2559 1286 2632 (regnum)

207 2626 300 2678 Larseu
318 2643 343 2692 p.
361 2628 394 2679 30
462 2627 661 2694 interpositol]

209 2744 337 2798 Bmmanu
354 2745 385 2798 lll
403 2744 429 2798 S.
448 2748 497 2800 558
515 2749 562 2798 mit
579 2747 661 2800 Recht
678 2748 719 2800 die
770 2746 1207 2814 alsoeigentlichiollappadolrlen.
1226 2748 1283 2815 Vgl.

209 2813 361 2865 berdhmten
374 2813 477 2867 Worte:
499 2816 575 2879 Veni,
588 2817 653 2878 uidi,
665 2819 720 2867 oica·
769 2815 911 2868 Mommsen
923 2815 994 2868 Rom.
1002 2815 1216 2869 GescbichteVS.
1223 2819 1281 2871 306.

209 2881 255 2933 aui
270 2881 319 2933 den
337 2897 436 2947 gauueu
454 2882 539 2950 llrieg,
557 2884 602 2935 der
620 2886 645 2936 in
663 2884 721 2936 idol
804 2883 847 2945 78,
861 2886 884 2937 2.
896 2882 1054 2936 Mithridates
1071 2884 1162 2936 erbielt
1181 2884 1222 2936 die
1234 2883 1284 2936 Te-

209 2948 297 3016 Tagen
320 2948 428 3013 (Sueten
452 2950 507 3003 Div.
530 2952 608 3004 lulius
631 2968 653 3007 c.
677 2955 719 3017 35)
771 2952 879 3004 trarchie
891 2952 936 3003 der
945 2951 1077 3016 'l'rclrmer‚
1089 2951 1130 3003 die
1142 2953 1197 3004 sich
1207 2951 1284 3017 DeJo-

208 3017 389 3083 auagelrimplt
409 3019 503 3073 warde.
772 3020 1282 3086 taraeeigenmichtiggeuommenhatte

243 3084 283 3148 77,
295 3088 319 3138 2.
342 3101 402 3137 oum
424 3089 556 3154 expeditis
578 3090 721 3154 equitibus·
771 3087 830 3153 Vgl.
849 3088 900 3139 (lio.
919 3087 951 3139 de
968 3088 1019 3139 div.
1037 3087 1056 3138 ll
1075 3091 1107 3140 ts
1126 3089 1152 3139 le
1164 3088 1283 3152 (Caesar)

208 3155 287 3218 queit
335 3152 426 3207 Stoffel
449 3156 579 3208 ubersetat
600 3156 619 3207 ll
644 3171 668 3222 p.
687 3158 719 3210 80
771 3171 831 3207 oum
848 3158 874 3205 ei
889 3156 1036 3220 (Deiotaro)
1052 3155 1229 3220 Mogmorum
1247 3162 1283 3206 te·

208 3223 250 3273 die
272 3221 451 3276 dberlielerten
474 3223 562 3276 Warte
588 3240 648 3275 cum
674 3241 719 3275 erc·
771 3226 922 3275 marchiam
944 3227 1085 3290 eripuisset
1105 3229 1131 3274 et
1147 3225 1283 3276 oeeeculoe

203 3290 305 3356 peditis
322 3295 456 3376 equitibus
472 3292 551 3345 durch
567 3285 687 3360 ‘dquipda
705 3293 719 3344 a
770 3308 818 3343 ruo
829 3293 991 3358 Pergameno
1003 3295 1091 3343 nereio
1104 3295 1149 3342 oui
1161 3293 1283 3344 dedisset

208 3357 232 3409 la
251 3357 353 3424 legere.
383 3358 418 3412 Ba
437 3368 510 3413 eoost
527 3361 588 3412 aber
600 3360 720 3425 nirgends
770 3359 822 3411 Bas
844 3360 1044 3426 bosporaulsobe
1062 3358 1142 3412 Reich
1160 3361 1238 3413 sollte
1255 3376 1283 3413 er

207 3428 721 3564 matthathia?‘tethel
771 3426 1121 3562 tetttttltttdttolt
1132 3427 1283 3548 Mtte?

208 3535 292 3629 gleieh
316 3565 429 3617 eracbtet
451 3566 568 3630 werden,
592 3566 660 3617 habe
676 3565 719 3616 ich
771 3565 864 3625 obern3
883 3579 910 3615 er
923 3561 967 3613 fiel
979 3563 1039 3614 aber
1050 3564 1085 3616 im
1099 3533 1218 3631 Kampie:
1231 3563 1282 3616 und

207 3633 411 3698 equitibusque*
428 3636 453 3685 iu
467 3635 515 3686 deu
529 3632 595 3686 Text
611 3637 719 3701 gesetat
769 3631 885 3683 Asander
908 3631 1072 3684 beherrschte
1092 3632 1137 3684 das
1156 3632 1223 3684 band
1242 3631 1281 3682 als

241 3697 275 3750 M.
285 3699 414 3753 Coelius
425 3702 572 3755 Vinicianus
585 3718 639 3753 war
650 3701 685 3751 im
694 3700 717 3753 J.
770 3700 891 3763 deshont,
909 3699 975 3751 dano
995 3698 1033 3751 als
1045 3699 1128 3766 Konig
1140 3700 1280 3766 (vielleieht

208 3768 241 3818 53
256 3766 421 3822 Vollrstribun
439 3770 491 3823 und
509 3787 538 3824 so
553 3770 656 3836 eilriger
668 3773 720 3820 An·
770 3769 850 3820 sehon
875 3768 916 3819 bei
939 3767 1076 3820 hebaeiteu
1099 3769 1211 3834 (lisere),
1239 3768 1279 3819 bis

207 3835 304 3900 bingen
310 3835 356 3888 des
362 3837 508 3906 Pompeius,
518 3840 575 3891 dass
585 3854 612 3890 er
622 3838 718 3889 diesem
768 3834 860 3888 euml.
876 3836 958 3903 tutte,
973 3849 1016 3886 aro
1029 3851 1056 3888 er
1073 3849 1101 3888 es
1113 3852 1145 3888 an
1158 3836 1281 3905 Bynemls

207 3901 378 3956 dieBilrtatur
392 3921 424 3956 uu
441 3905 600 3960 verschallen
618 3906 717 3958 sucbte.
769 3905 893 3956 vererbte.
941 3903 996 3969 Vgl.
1029 3903 1169 3956 Mommsen
1196 3905 1279 3956 Rom.-

207 3967 255 4020 llie
272 3968 392 4038 Truppen
410 3975 517 4028 alauden
534 3977 560 4027 in
578 3973 717 4040 Trapezos,
769 3971 862 4024 Geech.
880 3969 901 4020 ll
919 3971 944 4024 S.
963 3974 1021 4026 tat.
