2860 4572
217 263 257 324 58
630 260 738 316 CAPUT
757 264 866 316 10-12.

216 437 321 500 uirium
344 435 558 508 Romanorum,
588 434 638 514 qui
661 434 692 496 in
715 433 811 495 Ponto
838 434 978 514 negotiati
1003 444 1116 509 essent,
1146 433 1288 513 quoniam

175 533 192 584 6
214 524 245 586 in
267 524 415 601 integrum
437 520 594 582 restituere
615 538 678 582 non
699 528 807 598 posset,
831 520 995 582 concedere
1013 519 1168 582 Pharnaci.
1212 520 1287 584 llam

216 627 313 687 neque
329 605 491 668 interiectis
506 605 639 668 amissam
654 605 741 665 vitam
759 621 855 683 neque
874 605 998 666 exsectis
1019 605 1185 666 virilitatem
1200 605 1287 668 resti-

215 701 299 754 tuere
321 709 427 770 posse;
448 691 526 770 quod
549 691 668 770 quidem
682 689 859 770 supplicium
881 691 1000 769 gravius
1017 699 1112 752 morte
1134 691 1288 752 51155115-

179 777 294 838 rmani
324 775 482 840 subissent.
526 775 623 836 Ponto
645 792 714 836 vcro
744 775 899 836 decederet
927 776 1082 837 confestim
1104 775 1288 855 familiasque

215 862 441 942 publicanorum
462 861 627 922 remitteret
644 868 801 939 ceteraque
823 860 992 922 restitueret
1013 860 1100 922 sociis
1115 859 1290 939 civibusque

175 957 192 1008 8
214 947 364 1021 Romanis,
390 963 465 1026 quae
487 964 579 1026 penes
601 964 668 1008 eum
691 955 800 1006 essent
842 940 957 1028 <1o>si
979 945 1112 1020 lecisset,
1133 946 1191 1008 iam
1213 955 1294 1008 tune⁴

214 1033 270 1094 sibi
292 1032 420 1094 mitteret
446 1047 572 1094 munera
594 1049 628 1092 ae
650 1031 743 1103 dona,
766 1047 841 1108 quae
864 1030 941 1092 bene
969 1030 1059 1092 rebus
1080 1031 1170 1110 gestis
1192 1031 1288 1111 impe·

213 1126 327 1180 ratores
350 1117 386 1178 ab
408 1117 509 1178 amicis
536 1116 670 1195 accipere
698 1124 902 1178 consuessent.
946 1115 1065 1178 Miserat
1092 1116 1172 1178 enim
1194 1116 1287 1178 Pher·

215 1221 304 1265 naccs
326 1221 468 1273 coronam
491 1218 618 1263 auream.
639 1257 642 1264 Δ
663 1199 715 1261 llis
743 1200 894 1279 responsis
921 1200 997 1261 datis
1024 1201 1135 1281 legatos
1163 1202 1289 1264 remisit.-

162 1288 251 1350 1111
272 1289 438 1349 Pharnaces
460 1287 620 1348 liberaliter
642 1285 741 1347 omnia
763 1284 925 1364 pollicitus,
951 1304 1019 1348 oum
1041 1286 1230 1348 festinantem
1252 1305 1287 1350 ac

213 1381 437 1452 percurrentem
454 1371 606 1433 Gaesarem
624 1378 756 1451 speraret
771 1370 911 1432 libentius
926 1369 1013 1432 etiam
1029 1372 1209 1434 crediturum
1224 1373 1288 1434 suis

212 1457 381 1537 promissis,
409 1474 496 1535 quam
519 1463 755 1535 respueretur,
783 1474 841 1534 quc
864 1455 990 1518 celerius
1014 1456 1227 1536 honestiusque
1249 1458 1288 1519 ad

212 1560 259 1603 ros
281 1541 374 1621 magis
398 1540 576 1602 necessarias
604 1540 842 1620 proficisceretur
867 1541 995 1619 (nemini.
1012 1541 1093 1602 eninr
1115 1549 1177 1604 erat
1198 1543 1287 1621 igno-

212 1635 277 1688 tum
297 1626 432 1707 plurimis
454 1627 489 1688 de
512 1625 608 1688 causis
630 1627 667 1687 ad
688 1625 792 1686 urbem
815 1625 968 1688 Caesarem
990 1627 1149 1702 revocari),
1175 1627 1288 1690 lentium

213 1730 317 1792 agere,
345 1711 507 1774 decedendi
528 1710 605 1772 diem
631 1710 780 1790 postulare
808 1710 989 1789 longiorem,
1017 1712 1170 1791 pactiones
1191 1713 1285 1774 inter-

175 1809 190 1859 2
213 1815 341 1877 ponere,
364 1798 394 1858 in
418 1815 531 1858 summa
553 1794 689 1856 frustrari
711 1794 819 1874 coepit.
863 1795 969 1858 Caesar
990 1797 1109 1876 cognita
1130 1797 1286 1860 calliditate

213 1882 356 1956 hominis,
380 1883 458 1962 quod
481 1882 543 1943 aliis
565 1880 751 1960 temporibus
771 1889 876 1941 natura
897 1881 993 1942 faeere
1017 1890 1190 1956 consuerat,
1212 1894 1287 1944 tunc

213 1969 386 2030 necessitate
399 1967 470 2028 iecit
484 1966 635 2040 adductus,
658 1975 691 2028 ut
712 1965 838 2026 celerius
856 1965 987 2027 omnium
1007 1966 1149 2046 opinione
1164 1983 1287 2030 manum

162 2061 196 2116 11
213 2062 394 2116 consereret.
432 2053 499 2113 Zela
522 2060 567 2114 est
587 2051 730 2130 oppidum
752 2050 783 2111 in
807 2051 903 2112 Ponto
925 2051 1064 2130 positum,
1087 2052 1183 2131 ipsum
1198 2062 1232 2115 ut
1253 2053 1286 2114 in

212 2139 301 2218 plano
322 2139 388 2200 loco
410 2138 479 2199 satis
500 2136 661 2198 munitum:
684 2136 814 2198 tumulus
836 2136 915 2197 enim
933 2137 1074 2198 naturalis
1094 2137 1175 2199 velut
1194 2156 1287 2200 manu

296 2338 338 2401 tu,
352 2340 375 2390 6.
394 2336 560 2390 5555511111
611 2339 751 2389 restituere
767 2351 821 2387 reon
837 2336 971 2401 11555111,
987 2339 1076 2402 porsel
1091 2339 1118 2389 in
1133 2353 1210 2404 porro
1227 2353 1285 2392 rer·

211 2408 322 2466 bessert;
341 2409 481 2460 restituere
495 2411 586 2471 poscet
602 2407 649 2458 mit
660 2405 932 2470 sibergesclrriebenern
944 2404 1035 2457 aeoli
1104 2410 1128 2460 i.
1146 2407 1284 2460 51515551

263 2473 407 2541 8.<1u>lt.
428 2473 505 2526 Schn.
567 2489 640 2524 nunc
657 2477 775 2524 mitteret
791 2472 882 2523 sibiV
934 2476 1003 2524 enim
1019 2471 1070 2543 (aa)
1088 2473 1129 2525 111

296 2541 336 2606 tl,
350 2546 372 2595 1.
390 2557 422 2593 ae
437 2546 656 2607 praecurrentem
673 2545 703 2612 β,
719 2556 751 2592 ac
767 2545 967 2607 percurrentem
986 2541 1080 2594 1115551
1097 2542 1197 2609 Lipsiae
1218 2545 1283 2598 1861

211 2610 269 2662 adn.
287 2611 343 2664 crit.
362 2626 386 2677 p.
405 2609 485 2661 LVllll
542 2609 761 2675 proficisceretur
778 2609 980 2678 (1511555551)
998 2605 1039 2662 Ul
1108 2612 1233 2678 plurimis
1251 2612 1284 2662 de

209 2681 287 2730 rebus
305 2675 327 2726 V
415 2678 472 2728 dier
487 2678 626 2744 pertulere
644 2679 779 2744 longiores
797 2675 815 2726 1

295 2746 338 2811 12,
359 2749 381 2799 1.
400 2748 482 2799 vetuti
499 2744 545 2798 TV

182 2975 187 2984 Ι
244 2919 268 2968 i.
300 2914 473 2981 familiaeque
501 2917 721 2982 publicanorum:
806 2917 836 2965 in
853 2927 969 2966 namma.-
985 2906 1147 2979 ‘uberhaupt'
1165 2914 1218 2981 rgl.
1232 2915 1285 2968 (lic.

210 2984 252 3036 die
270 2982 468 3036 Untrrbeernten
492 2983 536 3036 der
561 2983 616 3035 Zoll
636 2984 722 3035 icbter
774 2981 967 3044 5111511511.
987 2985 1010 3046 3,
1029 2986 1053 3048 5,
1072 2985 1086 3034 5
1108 2983 1145 3033 lit
1161 2985 1191 3034 in
1211 2986 1285 3035 orani

210 3067 295 3104 waren
319 3053 346 3104 in
370 3052 414 3105 der
431 3050 511 3118 liegel
530 3001 722 3119 Freigeiassene
772 3065 888 3114 rumina,
911 3056 943 3101 ui
963 3066 1066 3115 merres,
1089 3051 1167 3102 ualde
1189 3067 1231 3102 mr
1248 3053 1285 3104 ad

210 3119 261 3172 und
279 3118 399 3174 Slrlaven.
774 3123 857 3170 otium
871 3135 1017 3185 pacemque
1034 3126 1166 3171 converto.

244 3187 363 3242 511555
389 3187 489 3254 Appiae
512 3185 552 3238 BG
574 3186 593 3238 ll
616 3189 646 3240 91
676 3187 721 3238 bot
808 3186 886 3250 151.
905 3186 950 3238 liie
968 3187 1035 3253 Lege
1058 3186 1103 3239 der
1121 3185 1195 3239 Stadt
1219 3187 1284 3240 vird

210 3254 353 3307 Pharnaces
371 3257 435 3308 aucb
453 3255 524 3308 scine
537 3252 647 3307 'locbter
662 3254 720 3306 dem
772 3269 836 3321 ganz
854 3255 956 3308 ibnlicb
973 3255 1138 3308 besebrleben
1152 3255 1284 3321 515353

210 3323 286 3376 Gisar
304 3339 349 3374 aur
366 3324 419 3376 libe
444 3338 489 3375 an:
514 3326 560 3373 καὶ
585 3325 610 3375 ir
632 3315 720 3392 γάρον
772 3324 808 3374 od
825 3322 985 3389 Nicopolim,
1004 3323 1076 3389 quod
1093 3323 1220 3389 oppidum
1236 3341 1284 3390 pc·

209 3385 259 3444 sirr'
274 3385 392 3445 iuniori
408 3391 533 3462 ynoivm
541 3394 662 3458 Καίσαρι
669 3387 721 3456 τὴν
771 3393 852 3441 situm
864 3394 894 3441 in
903 3392 1031 3442 Armenta
1041 3394 1144 3442 minore
1153 3397 1193 3442 ort
1200 3393 1283 3458 planu

210 3456 367 3528 Φαρνάκους
384 3411 533 3530 inpostea.
771 3461 859 3526 iprum
869 3459 1070 3510 locomorrtibur
1081 3463 1168 3510 1511155
1178 3461 1283 3512 5111551

244 3528 320 3591 11,1.
340 3527 572 3594 percurrentem*
592 3525 648 3593 ligi.
667 3525 722 3578 Vlll
772 3528 874 3579 duodece
901 3529 1027 3579 lateribus
1053 3529 1169 3580 obiectis.
1208 3527 1284 3582 Zela

209 3597 250 3657 46,
276 3600 290 3649 5
313 3613 373 3648 cum
396 3597 517 3646 celeriter
544 3609 632 3645 omues
659 3610 720 3646 onr-
771 3595 859 3660 (ler),
886 3595 951 3647 nacla
970 3594 1064 3648 Strabo
1082 3596 1132 3650 559
1153 3595 1199 3648 aut
1225 3596 1284 3648 dem

209 3669 303 3715 ventus
318 3667 540 3731 percucurrisse&
565 3661 618 3714 vul
635 3664 677 3727 52,
697 3665 720 3716 1.
771 3679 827 3729 sog.
842 3662 925 3716 Walle
941 3663 985 3716 ter
1002 3663 1149 3716 Semiramis
1166 3664 1283 3730 releges,

244 3732 314 3784 diere
334 3733 473 3798 postulare
495 3733 643 3796 longiorem
667 3729 718 3796 egl.
770 3746 824 3782 war
847 3736 900 3784 ersi
923 3746 970 3784 nur
990 3733 1031 3784 ein
1052 3730 1150 3784 Kastell
1171 3733 1217 3784 mil
1239 3733 1283 3784 be-

209 3799 269 3862 140,
280 3803 358 3864 1415,
371 3801 442 3866 qood
452 3803 482 3850 r'rr
491 3801 640 3864 longiorem
649 3799 720 3849 diem
770 3800 886 3851 ritbmten
904 3799 1028 3866 l'cmpeln
1046 3799 1189 3867 persiscber
1211 3799 1284 3853 Gott-

209 3867 367 3919 conlaturua
397 3868 504 3929 fueret,
537 3873 719 3934 repraesento·
770 3867 871 3988 'smii‘m
904 3867 1043 3934 Pompejus
1073 3867 1152 3920 erbob
1184 3883 1212 3920 es
1238 3883 1284 3920 aur

209 3939 308 3987 turum.
790 3940 814 3988 ta
835 3942 852 3988 t.
