2860 4572
245 283 264 342 6
687 284 794 337 CAPUT
813 289 836 339 8.
850 290 874 340 9.

210 463 228 519 8
246 461 302 522 hoc
324 477 419 539 genus
440 458 474 518 ad
497 456 694 535 proditionem
717 457 850 519 dubitare
864 477 952 519 nemo
968 457 1087 542 potest]
1125 461 1230 523 Caesar
1243 480 1314 524 suo-

244 564 310 606 rum
324 545 460 605 timorem
476 542 678 604 consolatione
692 551 722 603 et
736 542 904 604 hortatione
925 545 1084 606 minuebat.
1121 547 1193 608 Nam
1216 547 1314 626 puteis

244 630 330 691 fossis
356 645 461 706 aquam
483 627 599 689 dulcem
621 627 744 707 reperiri
766 645 853 706 posse
875 628 1054 690 adfirmabat.
1099 631 1204 692 Omnia
1227 632 1313 694 litora

206 723 222 774 t
244 713 415 774 naturaliter
437 729 529 790 aquae
550 713 644 775 dulcis
658 731 747 774 renas
761 712 879 774 habere.
916 713 1002 784 Quod
1018 715 1042 775 si
1058 714 1112 775 alia
1127 725 1205 778 esset
1219 717 1313 780 litoris

242 798 378 879 Aegyptii
407 805 511 858 natura
537 807 625 877 atque
648 799 779 859 omnium
801 799 1000 876 reliquorum,
1027 809 1141 871 tamen,
1171 802 1311 879 qnoniam

242 902 321 944 marc
343 881 436 944 libere
449 892 596 957 tenerent,
621 902 717 962 neque
732 883 830 945 hostes
846 884 966 945 classem
983 885 1135 957 haherent,
1159 887 1311 964 prohiberi

240 987 305 1030 sese
334 988 396 1029 non
424 987 527 1048 posse,
557 987 615 1047 quo
644 969 743 1030 minus
772 968 877 1030 cotidie
904 969 1026 1030 navibus
1048 987 1151 1048 aquarn
1174 979 1313 1049 peterent

240 1055 285 1115 vel
307 1072 321 1114 a
345 1054 462 1115 sinistra
488 1063 571 1132 parte
594 1072 610 1114 a
632 1054 790 1115 Paratonio
812 1054 858 1114 vel
880 1072 896 1114 a
917 1055 1019 1115 dextra
1040 1054 1076 1114 ab
1099 1055 1211 1128 insula;
1234 1073 1309 1133 quae

240 1140 370 1201 diversae
398 1138 598 1216 navigationes
627 1157 788 1217 numquam
817 1158 878 1200 uno
906 1148 1039 1218 tempore
1068 1139 1195 1200 adversis
1215 1141 1309 1202 ventis

202 1232 217 1282 ³
238 1225 509 1304 praecluderentur.
542 1223 640 1302 Fugae
655 1242 725 1285 vero
742 1224 857 1285 nullum
873 1243 936 1286 esse
951 1224 1104 1286 consilium
1128 1241 1190 1285 non
1213 1225 1308 1286 solum

238 1311 284 1382 iis,
301 1310 351 1388 qui
364 1309 489 1389 primam
504 1308 675 1388 dignitatem
692 1309 846 1384 haherent,
861 1310 912 1371 sed
928 1310 1017 1371 neiis
1032 1309 1158 1389 quidem,
1174 1310 1225 1388 qui
1236 1311 1309 1371 nihil

203 1405 218 1455 t
239 1405 445 1474 praeterquam
456 1393 493 1454 de
507 1394 565 1454 vita
580 1393 752 1472 cogitarent.
781 1394 888 1472 Magno
905 1395 1025 1473 negotio
1040 1395 1166 1475 impetus
1180 1394 1308 1456 hostium

239 1479 375 1541 adversos
396 1477 612 1540 munitionibus
636 1479 795 1551 sustinere3
825 1479 933 1557 quibus
954 1480 1064 1541 relictis
1085 1499 1143 1540 nec
1164 1480 1230 1541 loco
1254 1499 1310 1542 nec

201 1575 216 1624 t
239 1582 363 1625 numero
378 1582 465 1644 pares
475 1581 540 1624 esse
554 1581 650 1642 posse.
673 1563 806 1640 Magnam
822 1572 919 1623 autem
935 1583 1047 1624 moram
1065 1574 1094 1626 et
1108 1565 1310 1626 difficultatem

238 1667 390 1710 ascensum
406 1650 436 1710 in
453 1667 541 1710 naves
556 1649 664 1709 habere
678 1647 850 1726 praesertim
867 1667 903 1708 ex
925 1649 1056 1727 scaphis:
1079 1668 1223 1710 summam
1245 1669 1309 1712 esse

238 1743 340 1794 contra
363 1735 393 1795 in
410 1733 615 1794 Alexandrinis
636 1733 821 1793 velocitatem
843 1732 1036 1811 locorumque
1059 1742 1088 1793 et
1109 1734 1309 1796 aedificiorum

200 1819 380 1880 ductitium.
419 1819 480 1880 llos
493 1818 652 1898 praecipue
673 1818 703 1878 in
720 1818 839 1879 victoria
862 1817 1023 1879 insolentes
1047 1835 1257 1895 praecursnros
1279 1829 1311 1880 et

235 1904 300 1965 loca
323 1903 481 1964 excelsiora
504 1913 591 1981 atque
607 1902 737 1964 aedificia
752 1912 963 1982 occupaturam
987 1903 1025 1963 ita
1041 1904 1110 1980 iuga
1126 1903 1309 1982 navibusque

235 1997 354 2051 nostros
368 1988 580 2068 prohibituros.
608 1987 738 2049 Proinde
753 1988 815 2048 eius
830 1987 945 2048 consilii
960 1987 1205 2048 obliviscerentur
1219 1998 1308 2067 atque

200 2075 319 2136 temni
348 2075 463 2135 ratione
485 2093 549 2135 esse
571 2072 749 2134 vincendum
772 2073 945 2151 cogitarent.
989 2072 1050 2134 llac
1074 2073 1206 2134 oratione
1229 2075 1307 2154 apnd

235 2179 305 2221 snos
333 2160 430 2221 habita
459 2167 547 2238 atque
573 2159 705 2220 omnium
727 2157 878 2219 mentibus
900 2157 1031 2219 excitatis
1052 2158 1102 2218 dat
1124 2159 1308 2221 centurioni·

235 2244 291 2307 bus
319 2246 486 2324 negotium,
516 2254 550 2306 ut
576 2245 697 2323 rehquis
726 2243 866 2324 operibus
895 2242 1069 2305 intermissis
1095 2243 1129 2304 ad
1153 2243 1309 2307 fodiendas

320 2394 383 2456 8,1.
404 2396 584 2446 consolatione
608 2395 769 2458 (conlatione
785 2394 818 2460 Τ)
842 2400 868 2446 et
889 2397 996 2447 ratione
1019 2398 1054 2466 β,
1078 2394 1260 2446 consolatione
1283 2401 1309 2446 ei
1404 2457 1405 2462 ¹

235 2465 388 2512 hortatione
410 2461 439 2514 R.
461 2461 548 2526 Schn„
570 2461 665 2527 nglll
690 2465 715 2526 4,
733 2464 748 2514 2
772 2463 971 2513 consclatur
993 2463 1208 2513 Indutiomarum
1232 2465 1308 2514 har·
1404 2471 1405 2482 ¹

235 2535 393 2595 intusque
410 2535 463 2592 eet,·
486 2528 529 2580 Vll
551 2531 592 2589 29,
616 2533 627 2581 1
652 2531 852 2580 consolatur
875 2532 1145 2595 cohortatusque
1169 2537 1214 2581 eat.
1238 2529 1308 2583 Dazu

236 2601 276 2664 10,
290 2601 305 2648 5
324 2598 396 2662 quod
412 2598 488 2649 nulia
500 2600 567 2648 satie
577 2597 675 2647 idonea
686 2601 752 2646 erret
763 2599 917 2648 hortatio
922 2616 932 2660 ,·
950 2599 991 2662 22,
1004 2598 1019 2648 2
1032 2597 1172 2662 divulgata
1186 2599 1308 2650 Caesarie

234 2669 389 2717 hortatio
445 2663 580 2731 putean'l*
639 2662 769 2728 [enim]'l¹
822 2667 846 2716 2.
864 2659 967 2716 ‘littoris
986 2664 1005 2716 F
1024 2659 1178 2718 constanter'
1196 2666 1306 2720 lidbner.

233 2735 391 2804 Acgyptiss
476 2733 584 2785 alacrem
602 2729 762 2784 tenereat'l
842 2735 1020 2805 prohiberess
1089 2739 1198 2799 paroeat
1216 2734 1248 2800 (U
1266 2751 1307 2786 nm

234 2801 321 2854 Raude
338 2796 464 2867 ‘quaere‘l
541 2817 638 2869 aquam
655 2806 744 2865 petere
760 2799 805 2851 TV
891 2801 934 2852 vol
950 2802 1047 2853 dextra
1065 2805 1094 2872 β,
1112 2820 1128 2853 a
1148 2804 1245 2854 deutra
1263 2804 1307 2855 ill.

232 2871 370 2936 Ausgaben
388 2869 435 2921 mit
453 2869 626 2922 schlechteren
645 2868 784 2920 llandschr.
855 2870 878 2920 3.
897 2871 950 2920 hita
968 2871 1029 2936 (hh)
1046 2875 1094 2935 qui
1110 2870 1155 2922 TV
1216 2887 1249 2920 ne
1267 2873 1307 2921 hir

234 2939 340 3004 quidem
374 2937 439 2990 FTV
516 2941 581 3002 [quc]
599 2939 669 2988 nihii
684 2935 730 2988 TV
799 2939 824 2988 4.
843 2938 968 2988 aduersos
986 2954 1110 2992 earnem.
1130 2937 1194 2990 UFV
1212 2939 1306 2989 adaer-

232 3023 278 3058 σω
293 3004 399 3058 munl'
479 3008 606 3058 rusticiori
622 3009 651 3077 β,
668 3007 798 3055 metinere
816 3003 964 3074 Nipperdey
1051 3008 1075 3058 6.
1093 3009 1132 3057 ita
1149 3003 1305 3073 <tamen>l¹

283 3074 353 3139 fugai
370 3072 447 3138 UTV,
465 3074 490 3124 in
508 3073 527 3125 F
546 3074 580 3126 ist
597 3073 639 3125 die
655 3073 726 3125 Linie
745 3073 807 3124 dher
824 3090 840 3124 a
860 3074 1012 3141 wegradiert

267 3209 294 3272 8,
311 3212 335 3262 2.
352 3211 527 3260 Paratonium
548 3208 617 3262 kann
638 3213 743 3275 unmdg·
794 3207 909 3261 Baradhn
927 3208 978 3261 und
991 3207 1091 3260 scheint
1103 3206 1161 3259 dem
1173 3205 1242 3258 Veri.
1255 3205 1305 3259 den

233 3277 285 3329 lich
303 3278 349 3330 das
367 3277 470 3343 heutige
489 3276 552 3330 llasr
569 3277 671 3343 hledjed
684 3279 744 3341 (Ρα-
794 3277 891 3330 Nomen
910 3276 955 3328 des
968 3277 1022 3327 hier
1038 3276 1183 3342 gemeinten
1194 3276 1307 3326 Parato-

232 3347 392 3410 raetonium)
410 3347 478 3410 sein,
498 3345 611 3398 welches
631 3348 680 3399 215
699 3345 742 3397 hm
793 3349 869 3396 nium
886 3345 1002 3397 bewahrt
1020 3359 1050 3396 zu
1068 3343 1159 3395 haben.
1183 3341 1304 3395 Dielnsel

234 3414 647 3481 westlichvonAlexandrialiegt.
671 3412 743 3464 hlah-
793 3413 839 3464 aui
855 3413 899 3464 der
917 3416 1175 3478 enlgegengesetaten
1191 3409 1260 3463 Seite
1278 3415 1304 3476 (a

233 3482 294 3534 mud
311 3479 366 3550 Bey
385 3482 447 3548 (vgl.
460 3484 534 3534 Anm.
553 3498 584 3533 zu
605 3487 627 3547 1,
639 3486 665 3547 4)
682 3481 742 3533 land
794 3482 899 3544 decha)
917 3479 977 3531 hist
989 3480 1043 3530 sich
1060 3479 1131 3531 nieht
1143 3480 1303 3532 bestimmten.

234 3553 267 3604 56
285 3550 336 3602 lm.
355 3549 473 3601 westlich
502 3565 552 3601 von
576 3550 675 3603 Abnhir
702 3550 742 3602 die
827 3551 851 3602 3.
864 3549 934 3598 nihil
941 3553 1132 3614 praeterquam
1142 3548 1173 3598 da
1185 3552 1242 3599 vita
1251 3549 1304 3615 vgl.

232 3616 742 3684 hldndnngdesvorhistorischenStrom-
793 3615 836 3668 Vll
854 3620 896 3679 ll,
915 3617 930 3668 6
953 3619 977 3666 ei
996 3615 1099 3667 nullam
1115 3621 1304 3683 praeterquam

232 3686 317 3738 bettes
339 3685 543 3739 Baehrbelamd
570 3685 594 3738 d.
613 3687 637 3738 h.
660 3683 741 3738 ‘Fluls
793 3689 864 3736 uitae
886 3688 994 3735 nostrae
1019 3686 1154 3735 iacturam
1177 3685 1240 3748 fieri
1265 3689 1304 3736 ai·

232 3754 299 3805 ohne
312 3749 433 3819 Wasser',
450 3754 542 3806 dessen
555 3753 642 3807 Badeo
661 3753 742 3806 selhst
793 3754 889 3804 derna.

158 3879 167 3898 Ι
232 3823 267 3873 im
292 3821 407 3874 Sommer
430 3823 455 3874 in
478 3838 525 3874 nur
553 3825 584 3877 hd
604 3838 642 3874 am
669 3821 741 3874 Tieie
826 3823 851 3873 4,
881 3820 1005 3871 adversae
1027 3857 1033 3872 .
1057 3857 1065 3872 .
1089 3823 1221 3872 sustinere
1251 3819 1302 3888 vgl.

232 3889 382 3942 reichllches
404 3890 486 3944 sussen
509 3890 613 3943 Wasser
633 3890 740 3944 enthilt.
792 3891 861 3956 20‚h
880 3904 939 3939 eam
1022 3903 1148 3954 namnam
1168 3892 1223 3940 vim
1241 3889 1305 3940 tolo·

232 3956 306 4010 Diese
320 3957 611 4025 Wadimdndunghellet
626 3961 693 4025 jeta
705 3957 743 4012 el·
791 3973 852 4012 mm
870 3957 976 4009 adrem
991 3961 1162 4010 natinerent.
