2860 4572
229 278 267 336 16
317 339 321 346 ,
680 277 787 331 CAPUT
806 281 846 333 20.

178 459 267 515 Ater
294 450 417 512 naribus
445 459 550 510 contra
577 449 694 511 molem.
739 449 771 510 ln
802 450 848 512 his
876 452 966 514 rebus
999 464 1143 534 occupato
1172 453 1296 517 Caesare

229 537 392 615 militesque
413 536 551 595 hortante
575 535 717 612 remigum
741 553 865 613 magnus
881 555 1023 600 numerus
1038 549 1067 600 et
1082 539 1297 603 classiariorum

132 623 137 650 l
192 634 264 684 ter
293 622 389 701 longis
418 619 540 681 navibus
568 621 676 682 nostris
705 620 735 682 in
763 620 871 680 molem
900 640 931 682 se
960 621 1055 683 eiecit.
1099 627 1171 686 Pars
1193 643 1296 686 corum

228 707 325 768 studio
354 704 505 785 spectandi
534 705 698 779 ferebatur,
732 721 800 783 pars
833 705 919 766 etiam
946 707 1104 785 cupiditate
1133 709 1295 789 pugnandi.

229 792 265 852 lli
296 791 424 869 primum
454 790 567 869 navigia
593 790 721 851 hostium
750 787 895 868 lapidibus
922 808 955 852 ac
983 791 1082 855 lundis
1108 812 1124 854 a
1146 795 1224 855 mole
1246 811 1298 856 re-

229 875 379 956 pellebant
400 895 434 952 ac
456 875 580 937 multum
602 876 746 954 prolicere
767 874 954 937 multitudine
969 877 1095 938 telorum
1113 877 1297 940 videbantur.

192 974 207 1024 a
229 962 285 1023 Sed
313 972 470 1042 postquam
497 961 575 1022 ultra
602 978 670 1020 eum
692 961 791 1026 locum
811 960 848 1020 ab
870 961 960 1022 latere
983 979 1084 1022 eorum
1108 972 1210 1042 aperto
1233 964 1298 1024 ausi

128 1095 131 1102 .
229 1057 300 1109 sunt
322 1047 423 1126 egredi
444 1066 479 1106 er
502 1046 624 1107 naribus
645 1044 836 1106 Alexandrini
857 1046 952 1126 pauci,
975 1057 1007 1108 ut
1029 1049 1093 1108 sine
1115 1047 1207 1126 signis
1229 1064 1296 1108 cer-

230 1133 326 1211 tisque
349 1131 510 1204 ordinibus,
533 1131 597 1192 sine
618 1129 733 1191 ratione
755 1130 935 1210 prodierant,
957 1132 999 1193 sic
1021 1141 1131 1194 temere
1154 1133 1184 1193 in
1208 1151 1297 1192 naves

192 1219 365 1297 trelugcre
388 1224 560 1295 coeperunt.
604 1214 739 1286 Quorum
761 1217 829 1295 fuga
851 1217 963 1278 incitati
985 1217 1175 1278 Alexandrini
1197 1217 1298 1297 plures

230 1321 266 1362 ex
296 1301 417 1363 navibus
444 1300 672 1380 egrediebantur
702 1310 880 1380 nostrosque
908 1303 1005 1364 acrius
1036 1301 1223 1382 perturbatos
1250 1302 1297 1362 in·
1408 1337 1409 1370 i

231 1387 438 1465 sequebantur.
483 1384 590 1459 Simul,
613 1386 717 1464 quiin
740 1387 862 1448 navibus
884 1388 981 1466 longis
1001 1396 1213 1458 remanserant,
1235 1403 1300 1447 sca·

230 1472 272 1532 las
293 1489 398 1550 rapere
420 1488 567 1549 navesque
588 1489 605 1532 a
626 1482 704 1532 terra
726 1471 870 1550 repellere
896 1474 1111 1552 properabant,
1141 1491 1179 1532 ne
1200 1472 1301 1532 hostes

192 1570 208 1619 o
231 1555 352 1619 navibus
377 1556 554 1634 potirentur.
599 1555 712 1626 Quibus
734 1555 873 1618 omnibus
895 1557 986 1619 rebus
1009 1557 1173 1637 perturbati
1195 1557 1301 1617 milites

231 1641 325 1702 nostri
354 1641 520 1702 cohortium
549 1640 655 1715 trium,
685 1659 759 1719 quae
788 1641 817 1702 in
842 1651 933 1720 ponte
954 1661 988 1703 ac
1010 1643 1105 1722 prima
1127 1643 1205 1702 mole
1227 1660 1301 1703 con·

231 1725 381 1800 stiterant,
412 1744 479 1786 cum
508 1736 575 1806 post
601 1746 633 1788 se
662 1726 817 1788 clamorem
840 1727 1027 1801 exaudirent,
1056 1729 1155 1806 lugam
1178 1745 1300 1788 suorum
1409 1722 1410 1758 ¹

230 1811 378 1880 viderent,
400 1829 535 1890 magnam
559 1812 615 1872 vim
637 1812 763 1872 telorum
785 1810 898 1872 adversi
919 1811 1115 1885 sustinerent,
1138 1812 1240 1885 veriti,
1263 1830 1302 1872 ne

232 1896 267 1956 ab
295 1906 379 1975 tergo
407 1897 693 1958 circumvenirentur
715 1907 743 1956 et
765 1897 895 1958 discessu
919 1896 1035 1956 narium
1058 1897 1182 1958 omnino
1204 1897 1302 1958 reditu

232 1982 518 2056 intercluderentur,
546 1982 740 2043 munitionem
764 1981 794 2042 in
817 1991 909 2060 ponte
931 1981 1094 2043 institutam
1116 1981 1303 2061 reliquerunt

193 2079 211 2130 6
233 2076 261 2127 et
282 2086 389 2147 magno
412 2085 502 2128 cursu
524 2067 636 2128 incitati
658 2067 693 2127 ad
717 2085 805 2128 naves
818 2066 1047 2128 contenderunt.
1083 2066 1216 2138 Quorum
1233 2085 1303 2146 pars

233 2153 380 2231 proximas
407 2161 493 2212 nacta
522 2170 610 2214 nares
636 2151 822 2213 multitudine
850 2151 1003 2212 hominum
1025 2161 1114 2230 atque
1136 2170 1228 2212 onere
1250 2151 1302 2212 de·

234 2256 334 2316 pressa
356 2247 414 2310 est,
444 2255 513 2315 pars
535 2238 676 2299 resistens
698 2246 728 2297 et
749 2237 902 2309 dubitans,
933 2237 1003 2315 quid
1025 2247 1103 2298 esset
1124 2236 1301 2316 capiendum

195 2337 211 2386 ‘t
233 2322 358 2394 consilii,
380 2322 415 2381 ab
439 2322 644 2385 Alexandrinis
666 2323 820 2383 interfecta
842 2332 900 2395 est;
924 2322 1060 2382 nonnulli
1076 2321 1206 2382 feliciore
1222 2320 1302 2382 exitu

233 2406 382 2486 expeditas
405 2407 439 2467 ad
462 2425 600 2468 ancoram
623 2426 711 2469 naves
733 2407 885 2470 consecuti
907 2407 1071 2468 incolumes
1094 2407 1302 2478 discesserunt,

232 2492 319 2570 pauci
347 2492 474 2554 allevatis
499 2494 589 2554 scutis
611 2503 641 2554 et
660 2493 758 2553 animo
782 2493 818 2552 ad
842 2493 1009 2554 conandum
1034 2493 1090 2552 nisi
1112 2492 1146 2552 ad
1170 2492 1303 2571 proxima

316 2641 362 2705 20,
377 2646 397 2694 l.
416 2641 597 2706 remigium'l'
666 2644 691 2694 3.
708 2639 835 2706 refugere
853 2639 902 2703 Ul',
936 2640 1032 2705 lugere
1050 2639 1079 2698 T,
1112 2639 1303 2707 profugorev

235 2712 511 2845 Bonssapsorgrtrbontes
528 2709 573 2761 tv
659 2712 683 2764 5.
702 2713 731 2760 io
751 2714 859 2776 pontone
876 2710 1047 2774 (institutam)
1065 2713 1093 2782 β,
1112 2712 1239 2776 inponis
1256 2709 1305 2761 m'tt

267 2913 314 2977 ab,
327 2917 350 2967 1.
367 2931 402 2965 erc
413 2916 502 2978 longia
512 2916 625 2966 nauibus
636 2917 742 2966 norme
794 2912 878 2976 daten,
891 2911 991 2964 welche
1002 2911 1057 2964 ihre
1067 2911 1144 2964 Front
1156 2913 1213 2964 dem
1223 2911 1304 2964 Helen

233 2981 280 3034 Dic
304 2981 399 3035 Schille
423 2982 530 3033 standon
553 2982 598 3034 aul
619 2981 664 3034 der
691 2985 743 3034 dst·
793 2980 921 3033 Eunostus
939 2981 1079 3046 zugelsebrt
1097 2982 1198 3046 hatten,
1219 2982 1245 3033 in
1263 2980 1305 3032 die

235 3051 318 3102 lichen
338 3050 407 3102 Seite
425 3050 470 3102 des
488 3049 688 3115 heptastadium,
708 3049 743 3101 im
793 3049 879 3102 recbte
896 3049 1000 3101 Flanlre.

235 3120 337 3184 grossen
364 3117 444 3169 llalen
474 3118 534 3184 (egl.
559 3121 598 3178 19,
623 3122 657 3182 3),
687 3118 744 3170 teil·
827 3120 852 3170 4.
879 3121 970 3168 acrius
986 3118 1021 3170 ist
1038 3116 1084 3168 mit
1099 3119 1307 3181 imepuobantur

237 3186 314 3237 weise
331 3186 402 3238 dicht
420 3201 450 3238 an
473 3186 518 3238 der
534 3184 604 3238 Molo
626 3195 652 3249 (a
670 3191 744 3238 terro
796 3200 828 3238 au
841 3185 1049 3250 verbinden,vgl.
1062 3183 1113 3235 Vlll
1125 3186 1189 3247 tut
1203 3186 1306 3236 acrius·

236 3256 305 3318 §Ab
323 3254 368 3305 aul
383 3253 428 3305 der
446 3253 597 3306 westlichen
615 3253 693 3318 Seite,
710 3255 745 3306 im
797 3269 847 3318 quo
864 3255 950 3304 horter
962 3254 1171 3319 insequebantur
1188 3253 1240 3306 und
1254 3251 1306 3304 Vlll

236 3321 315 3374 llalen
334 3321 470 3387 Eunostus,
488 3322 613 3374 belanden
632 3323 686 3374 sich
705 3323 746 3375 die
799 3324 839 3382 19,
857 3325 880 3373 l.

235 3391 270 3442 im
299 3389 446 3455 l'olgenden
474 3391 621 3443 erwihnten
651 3389 746 3444 Schiffe
831 3392 853 3442 6.
872 3387 1055 3440 DasPridilrat
1071 3389 1193 3452 depr-erra
1206 3394 1245 3440 ert
1255 3388 1306 3440 und

237 3458 281 3510 dor
298 3458 487 3510 Alexandriam.
796 3457 937 3510 deansatz
947 3457 1307 3520 multitudioebomimmat-

272 3528 295 3578 2.
325 3525 370 3579 Die
399 3525 662 3592 Zusamrnenstellung
697 3537 748 3579 von
800 3541 850 3592 quo
867 3541 946 3576 onere
964 3538 1056 3591 passen
1079 3523 1217 3589 cigentlicb
1238 3526 1308 3579 nicht

235 3597 350 3647 multum
375 3593 426 3646 und
451 3595 623 3647 multitudine
645 3595 745 3647 scheint
795 3591 1308 3657 aumSubjelrteporr,womitdieSolda·

238 3663 408 3728 beabsicbtigt
425 3678 456 3714 zu
475 3663 537 3715 sein.
796 3659 1079 3725 ten,ntettdieSchttte,
1090 3661 1308 3714 bezeicbuetsind.

272 3733 296 3784 3.
313 3734 346 3782 ab
364 3733 448 3782 latore
464 3746 556 3782 eorum
572 3736 673 3796 aperto.
699 3729 745 3782 Die
830 3730 1095 3784 portentuosum.
1128 3726 1307 3782 DieSoldateu

237 3798 746 3864 Alexandrinerwurenweiterhineusge-
796 3797 892 3850 hielten
902 3796 1051 3850 dieSchilde
1060 3797 1124 3848 uber
1133 3796 1195 3861 sich,
1205 3799 1308 3850 urnsich

238 3866 334 3931 labren,
352 3869 417 3920 nach
429 3867 526 3920 Pharos
537 3883 568 3920 zu
585 3869 669 3931 (ultra
687 3883 746 3918 eom
797 3881 879 3932 gagen
891 3865 932 3917 die
942 3863 1309 3932 nachgesendetaneschosse

238 3936 344 4001 lomene),
362 3936 399 3988 sie
412 3935 504 3988 hamon
516 3936 571 3989 also
588 3936 675 3990 diesen
689 3935 746 3987 Sol·
797 3949 828 3986 zu
847 3932 953 3986 dechen.
1045 3945 1048 3953 ’
