2860 4572
322 223 340 254 ἱ

565 268 673 321 CAPUT
693 271 732 323 30.
747 273 787 323 31.
873 313 876 318 .
1167 269 1207 330 25

133 440 386 519 vulnerandisque
402 441 520 514 uostris,
544 442 595 520 qui
610 441 731 520 regione
749 441 878 504 lluminis
893 442 1208 522 Nilipropugnabant:

136 525 261 587 diversis
276 525 356 586 enim
371 526 437 588 telis
453 527 546 588 nostri
569 527 744 604 figebantur,
768 527 879 588 adversi
895 545 929 588 ex
944 529 1018 588 vallo
1034 537 1208 603 castrorum,

134 611 229 672 aversi
246 629 281 671 ex
296 611 427 686 flumine,
451 611 561 690 inquo
584 612 692 672 multae
707 630 803 684 naves,
826 612 988 674 instructae
1010 614 1208 676 luudiloribus

136 706 166 758 et
180 696 345 774 sagittariis,
368 705 487 757 nostros
502 696 724 777 impugnabant.
762 697 876 769 Caesar,
893 716 959 759 cum
975 698 1088 760 videret
1102 699 1208 761 milites
1224 704 1260 760 31

136 782 234 843 acrius
256 781 395 861 proeliari
418 801 478 842 nou
502 800 589 861 posse
612 800 667 843 nec
690 791 786 842 tamen
814 782 938 844 multum
960 784 1064 863 prollci
1086 793 1209 864 prepter

136 868 270 930 locorum
293 867 493 928 difficultatem
510 885 638 946 cumque
652 867 784 928 animum
802 868 966 929 adverteret
981 869 1208 932 excelsissimum

135 953 233 1014 locum
258 960 422 1014 castrorum
445 952 578 1013 relictum
601 969 665 1013 esse
681 952 717 1012 ab
733 952 946 1026 Alexandrinis,
969 955 1048 1032 quod
1064 964 1094 1015 et
1108 973 1162 1034 per
1178 974 1209 1016 se

135 1038 268 1099 munitus
297 1047 389 1110 esset,
421 1045 450 1098 et
478 1037 575 1098 studio
604 1037 710 1116 parlim
739 1039 892 1116 pugnandi
921 1039 1027 1119 partim
1055 1041 1208 1119 spectandi

133 1122 375 1184 decucurrissent
405 1123 435 1183 iu
463 1141 529 1184 eum
553 1123 666 1196 locum,
695 1123 809 1201 inquo
837 1124 1040 1202 pugnabatur,
1071 1125 1209 1186 cohortes

132 1209 175 1269 lll
205 1208 361 1268 circumire
390 1216 484 1268 castra
507 1217 536 1268 ct
564 1226 711 1269 summum
740 1208 839 1269 locum
867 1209 986 1286 adgredi
1008 1209 1093 1271 iussit
1114 1209 1208 1289 iisque

134 1293 326 1356 Carfulenum
354 1293 512 1372 praefecit,
542 1301 572 1353 et
600 1293 689 1352 animi
718 1293 920 1372 magnitudine
949 1304 977 1355 et
1003 1294 1046 1354 rei
1075 1295 1209 1356 militaris

133 1378 257 1440 scientia
279 1379 375 1439 virum
397 1382 605 1458 praestantem.
644 1378 710 1449 Quo
726 1386 759 1439 ut
773 1388 895 1439 ventum
911 1391 964 1452 est,
987 1380 1088 1459 paucis
1105 1380 1208 1442 delen·
1230 1393 1246 1442 2

133 1465 273 1525 dentibus
287 1463 493 1535 munitionem,
516 1463 625 1524 nostris
640 1472 743 1524 coutra
759 1462 900 1525 militibus
915 1465 1058 1526 acerrime
1073 1483 1209 1544 puguan-

132 1550 214 1610 tibus
243 1549 356 1610 diverso
386 1549 514 1609 clamore
537 1556 567 1608 et
587 1548 701 1626 proelio
730 1549 877 1627 perterriti
900 1549 1090 1610 Alexandrini
1116 1552 1209 1630 trepi-

132 1635 238 1696 dantes
254 1635 283 1695 iu
301 1653 405 1695 omues
422 1642 520 1713 partes
543 1642 706 1694 castrorum
729 1633 896 1695 discurrere
918 1644 1092 1713 coeperunt.
1129 1635 1210 1706 Quo·
1232 1648 1247 1696 3

131 1739 200 1781 rum
217 1719 441 1798 perturbatione
458 1727 627 1780 nostrorum
644 1718 733 1778 animi
749 1718 822 1779 adeo
837 1730 905 1780 suut
922 1720 1044 1794 incitati,
1066 1729 1099 1781 ut
1114 1739 1208 1800 paene

132 1805 238 1866 eodem
269 1813 403 1884 tempore
433 1823 467 1864 ex
499 1803 637 1864 omnibus
670 1803 803 1882 partibus
832 1800 1088 1887 (inrumperent),
1121 1806 1208 1884 primi

132 1900 233 1952 tamen
259 1889 450 1951 editissimum
475 1889 574 1949 locum
596 1898 759 1948 castrorum
784 1900 940 1970 eapereut;
964 1909 998 1950 ex
1022 1909 1080 1968 quo
1104 1891 1208 1953 decur-

132 1984 234 2037 rentes
257 1993 393 2053 magnam
415 1973 636 2035 multitudinem
659 1973 786 2034 hostium
805 1974 836 2034 iu
859 1975 962 2036 castris
984 1975 1207 2036 interfecerunt.

134 2060 220 2132 Quod
249 2059 416 2140 periculum
445 2059 580 2138 plerique
603 2058 794 2119 Alexandrini
824 2060 970 2139 fugientes
1000 2060 1155 2121 acervatim
1178 2073 1246 2122 sel

132 2147 170 2208 de
193 2145 267 2207 vallo
290 2145 525 2225 praecipitarunt
548 2144 579 2204 iu
604 2162 665 2203 eam
689 2153 817 2222 partem,
841 2163 916 2222 quae
938 2145 1052 2205 flumini
1076 2155 1138 2204 erat
1159 2146 1208 2205 ad·

132 2233 243 2293 iuncta.
289 2231 402 2291 Horum
431 2229 535 2309 primis
557 2229 586 2288 iu
611 2229 672 2307 ipso
695 2229 771 2288 lossa
801 2229 975 2290 munitionis
996 2247 1101 2309 magna
1122 2230 1209 2291 ruina
1232 2243 1246 2291 u

134 2316 284 2396 oppressis
307 2315 397 2377 ceteri
421 2314 582 2374 faciliorem
608 2314 705 2392 lugam
734 2313 912 2375 habueruut.
958 2314 1078 2376 Constat
1100 2315 1210 2394 fugisse
1232 2327 1248 2376 6

135 2421 173 2462 ex
202 2401 304 2462 castris
333 2418 433 2478 regem
463 2399 559 2478 ipsum
591 2408 804 2477 receptumque
826 2399 857 2460 in
889 2417 991 2460 navem
1023 2400 1210 2463 multitudine

136 2504 256 2559 eornm,
287 2488 338 2565 qui
360 2487 395 2546 ad
425 2485 574 2564 proximas
597 2501 684 2544 naves
712 2484 908 2559 adnatabant,
937 2487 1072 2548 demerso
1095 2486 1210 2566 navigio

219 2617 265 2684 30,
278 2623 301 2670 l.
319 2622 400 2670 merri
417 2635 452 2668 eo·
464 2620 492 2680 ll.
505 2621 533 2689 β,
552 2619 641 2669 aversi
653 2634 688 2668 en
699 2619 727 2680 ll.
739 2618 785 2668 mit
798 2618 868 2669 einer
882 2618 1059 2672 schlecbtcreu
1071 2619 1210 2672 Handscbr.

219 2687 264 2751 31,
285 2690 308 2740 1.
326 2691 416 2738 animo
435 2687 495 2737 adu.
514 2683 563 2749 ΤΞ,
581 2685 805 2736 animaduerteret
822 2685 845 2734 V
898 2690 996 2752 etipse
1013 2703 1085 2739 mun.
1103 2687 1126 2737 V

133 2757 256 2806 cobortes
273 2755 322 2806 illo
339 2758 374 2826 β,
392 2757 513 2805 cobortes
530 2754 573 2804 ΙΙΙ
588 2753 699 2805 Faernus
758 2753 913 2804 circuireV
983 2756 1096 2827 ispuepl
1148 2755 1211 2821 Cor-

132 2822 296 2886 famelomll
383 2824 407 2874 3.
427 2820 552 2886 [odeo]V
621 2819 847 2940 <inrumperentp
864 2820 894 2872 R.
913 2820 989 2872 Schu.
1060 2828 1210 2874 castrorum

132 2893 221 2943 locum
238 2890 282 2942 TV
353 2894 376 2944 6.
395 2891 509 2941 dimerso
528 2887 558 2953 V,
574 2884 613 2940 ‘ut
632 2891 684 2941 lere
702 2890 769 2941 solet
786 2889 811 2939 iu
849 2883 876 2941 is'
897 2887 999 2941 Dribuer

168 2997 193 3048 7.
210 2995 321 3058 regione
338 2994 457 3054 fluminis
468 2989 528 3042 Nili
538 2986 593 3042 ‘aul
604 2990 648 3043 der
734 2992 758 3042 3.
776 2989 864 3042 Hiuter
879 2992 1002 3056 portibus
1019 2990 1083 3042 lchlt
1095 2991 1136 3042 ein
1149 2990 1211 3042 Ver-

132 3057 223 3125 Scite',
244 3076 284 3111 wo
302 3060 346 3111 der
364 3059 405 3110 Nil
424 3059 510 3120 ssielst,
529 3059 580 3124 vgl.
593 3058 646 3110 Liv.
699 3058 760 3111 bum
778 3074 829 3110 rou
853 3059 897 3110 der
915 3058 1067 3124 bedeulung
1089 3053 1211 3111 'toreliis-

132 3133 157 3194 3,
172 3132 241 3193 635
261 3131 372 3192 regione
382 3132 478 3195 portae
490 3128 648 3193 Esquilinae
698 3122 764 3178 meu‘
791 3126 853 3179 oder
875 3111 1060 3188 ‘eiubrecben‘;
1089 3127 1134 3178 das
1160 3143 1211 3180 von

132 3213 273 3250 accessere.
698 3195 745 3245 mir
772 3195 929 3260 eingesclzte
955 3197 1140 3260 inrumperent
1168 3211 1212 3262 ge-

167 3266 328 3331 figedontur.
359 3261 408 3314 llas
422 3261 536 3330 Simplex
551 3261 585 3312 ist
598 3261 647 3312 sel·
699 3265 764 3326 ndgt
785 3263 941 3328 wenigstens
965 3262 1022 3314 dem
1042 3264 1120 3315 Sinue
1138 3265 1210 3316 nacb.

133 3341 176 3386 len
191 3337 216 3384 in
230 3334 274 3385 der
283 3326 646 3397 Bedeutnug‘durcbbobren'.
734 3333 757 3382 5.
775 3346 874 3396 magno
893 3333 974 3381 ricino
993 3335 1135 3398 oppressis,
1159 3332 1211 3398 rgl.

131 3401 192 3469 vgt.
210 3401 238 3452 B.
257 3400 328 3466 llisp.
345 3403 385 3462 31,
399 3401 414 3450 3
430 3399 550 3463 polonum
565 3401 648 3448 missu
699 3400 741 3462 tc,
762 3401 778 3450 2
802 3401 905 3464 parlim
929 3415 1040 3449 suorum
1062 3405 1143 3450 ruina
1166 3415 1212 3466 op·

132 3471 193 3534 fimo
206 3470 359 3520 cumulatur
370 3467 527 3527 multitod03
541 3465 647 3518 Suelou.
697 3469 804 3532 pressis.

131 3538 226 3591 Domit.
248 3540 278 3590 19
299 3541 338 3588 c'tc
362 3536 532 3601 quorundum
556 3537 646 3600 capito
733 3533 1212 3600 d.nouigioeutsprichtdemlrribcreu

131 3607 267 3674 figentem,
285 3611 316 3656 ut
334 3605 436 3654 duobus
454 3605 553 3653 ictibus
570 3605 648 3668 quari
699 3602 849 3654 Ausdruclre
875 3605 905 3652 in
927 3618 1027 3653 nouem.
1071 3602 1120 3654 Der
1143 3602 1210 3656 Veri.

133 3691 238 3727 cornua
257 3671 382 3734 efficeret.
698 3669 763 3722 licbt
772 3671 860 3723 diesen
870 3669 989 3722 Wecbsel
1001 3670 1045 3721 der
1054 3669 1211 3738 Syuouyma,

167 3743 213 3808 31,
234 3746 255 3797 1.
273 3741 302 3795 u.
322 3740 472 3792 Carfulenus
489 3738 578 3789 wurde
596 3753 647 3790 rou
699 3739 751 3802 vgl.
776 3741 839 3789 urbe
861 3754 884 3791 n.
911 3739 1050 3804 oppidum,
1080 3739 1154 3790 Anm.
1179 3755 1211 3790 zu

132 3811 261 3864 Antonius
275 3824 320 3861 uus
333 3809 391 3860 dem
402 3807 495 3859 Senate
509 3806 648 3872 gestolsen‚
702 3809 741 3867 17,
760 3809 783 3860 2.

133 3896 160 3932 er
187 3879 232 3931 fiel
255 3879 289 3929 im
312 3876 527 3938 mutinensieclten
547 3874 648 3940 Kriege,
733 3874 822 3926 Florus
841 3873 861 3925 ll
880 3875 920 3938 13,
939 3876 970 3925 60
989 3873 1040 3926 und
1058 3872 1161 3926 Orosius
1180 3872 1212 3926 v1

133 3947 187 4014 ugl.
206 3948 257 3999 Cic.
276 3945 307 3998 ad
326 3945 395 3999 Fam.
415 3947 455 4009 10,
473 3945 515 4008 33,
534 3944 557 3994 4.
703 3943 734 3994 16
754 3942 893 4006 berichteu,
912 3957 969 3992 man
984 3941 1049 3994 habe
1062 3943 1111 3994 deu
1124 3942 1212 3995 Leich·
