2860 4572
569 291 677 345 CAPUT
695 295 718 346 6.
732 296 755 345 l.
1179 291 1197 348 5

130 467 239 546 saeptis
261 466 341 527 enim
363 464 511 545 specubus
533 473 621 543 atque
644 463 782 525 omnibus
803 463 886 525 urbis
908 463 1040 542 partibus
1064 463 1199 538 exclusis,

130 569 206 630 quae
235 551 271 612 ab
301 550 365 630 ipso
394 551 588 623 tenebantur,
617 566 710 627 aquae
739 565 873 629 magnam
894 548 951 610 aim
975 568 1011 610 ex
1033 548 1106 610 mari
1128 549 1200 611 rotis

129 655 163 698 ac
194 635 460 697 machinationibus
483 635 649 714 exprimere
672 633 841 695 contendit:
873 634 948 695 hanc
969 634 1043 696 locis
1064 635 1198 714 superio·

131 721 215 782 ribus
242 721 366 781 fundere
394 720 424 780 i'n
454 728 567 800 partem
591 719 723 781 Caesaris
754 739 813 780 uon
840 719 1061 781 intermittebat.
1105 718 1237 789 Quama

132 805 170 867 ob
200 823 316 867 causam
346 806 450 867 salsior
477 804 565 885 paulo
593 813 710 884 praeter
739 805 982 866 consuetudinem
1006 823 1081 884 aqua
1102 806 1200 866 trahe-

133 891 219 952 batur
246 910 281 952 ex
308 891 451 971 proximis
478 889 617 951 aedificiis
645 907 840 969 magnamque
873 889 1043 951 hominibus
1075 888 1200 952 admira-

131 977 241 1037 tionem
265 975 441 1056 praebebat,
464 994 551 1054 quam
575 974 699 1036 obrem
722 973 750 1034 id
773 974 944 1048 accidisset3
976 994 1031 1035 nec
1053 974 1123 1036 satis
1145 975 1201 1037 sibi

129 1061 186 1140 ipsi
216 1061 391 1134 credebant,
422 1079 489 1122 cum
512 1080 543 1121 se
565 1060 722 1120 interiores
743 1059 873 1120 eiusdem
896 1060 1015 1138 generis
1036 1078 1070 1121 ac
1091 1060 1202 1138 saporis
1223 1068 1239 1118 t

131 1164 206 1225 aqua
229 1147 364 1208 dicerent
382 1146 441 1216 uti,
469 1141 559 1224 ¹‘atque
582 1153 650 1204 ante
669 1141 881 1217 consuessent,
903 1143 1050 1224 vulgoque
1072 1144 1150 1206 inter
1171 1164 1202 1206 se

131 1231 328 1292 conferebant
345 1239 375 1290 et
389 1229 582 1308 degustando,
606 1238 747 1308 quantum
771 1231 849 1290 inter
871 1249 902 1290 se
925 1229 1079 1290 differrent
1100 1248 1202 1308 aquae,

132 1316 364 1395 cognoscebant.
408 1315 502 1375 Parvo
530 1333 599 1375 vero
622 1315 763 1394 temporis
785 1315 879 1393 spatio
901 1315 974 1376 haec
996 1314 1120 1394 propior
1141 1315 1239 1376 bibit

133 1401 256 1461 omuino
287 1420 350 1461 non
379 1408 509 1480 poterat,
538 1399 585 1460 illa
614 1399 737 1460 inferior
766 1400 935 1479 corruptior
960 1400 1017 1460 iam
1040 1400 1202 1480 salsiorque

133 1486 366 1566 reperiebamus
396 1484 462 1555 Quo
495 1487 571 1546 lacto
601 1484 784 1546 dubitatione
812 1483 925 1546 sublata
954 1494 1054 1546 tantus
1083 1486 1237 1550 incessit?

132 1571 231 1644 timor,
255 1581 287 1631 ut
309 1569 345 1630 ad
367 1581 529 1632 extremum
553 1589 652 1632 casum
674 1570 798 1648 periculi
818 1588 922 1631 omnes
938 1570 1054 1632 deducti
1069 1571 1203 1634 videren-

133 1665 199 1729 tur,
227 1664 314 1734 atque
337 1655 382 1716 alii
405 1652 514 1739 (nihil)
536 1656 644 1716 morari
669 1655 822 1716 Caesarem
845 1655 992 1730 dicerent,
1023 1656 1094 1733 quin
1119 1675 1206 1717 naves

135 1742 335 1803 conscendere
357 1740 481 1814 iuberet,
505 1740 553 1801 alii
574 1741 667 1801 multo
689 1741 805 1818 gravius
828 1740 1053 1802 extimescerent
1070 1733 1204 1825 [casum],

133 1827 211 1905 quod
236 1844 333 1905 neque
355 1825 444 1888 celari
459 1825 650 1886 Alexandrini
671 1834 793 1905 possent
808 1826 838 1885 in
855 1825 1022 1905 apparanda
1038 1826 1115 1906 luga,
1139 1844 1205 1888 cum

133 1919 191 1971 tam
213 1929 304 1990 parvo
326 1911 421 1991 spatio
444 1913 588 1972 distarent
609 1912 645 1971 ab
668 1909 756 1990 ipsis,
785 1929 882 1989 neque
905 1911 961 1972 illis
982 1910 1206 1973 imminentibus

133 2005 221 2075 atque
248 1996 475 2075 insequentibus
507 1997 586 2058 ullus
615 1996 645 2057 in
675 2014 764 2057 naves
792 2004 929 2075 receptus
958 1995 1086 2055 daretur.
1136 1995 1242 2055 Eratt

133 2091 230 2142 autem
251 2100 357 2160 magna
380 2082 537 2142 multitudo
560 2081 777 2161 oppidanorum
800 2081 831 2140 in
853 2089 936 2160 parte
955 2080 1095 2154 Caesaris,
1118 2097 1206 2159 quam

133 2167 287 2229 domiciliis
315 2167 447 2246 ipsorum
477 2185 537 2226 non
569 2174 714 2239 moverat,
744 2164 823 2243 quod
853 2183 886 2225 ea
915 2183 947 2226 se
975 2164 1089 2225 fidelem
1112 2166 1206 2244 palam

132 2253 244 2314 nostris
265 2270 330 2312 esse
352 2249 507 2312 simulabat
530 2258 559 2310 et
580 2249 736 2310 descivisse
759 2267 774 2308 a
796 2249 857 2310 suis
880 2248 1047 2311 videbatur:
1071 2246 1115 2334 [ut
1136 2249 1207 2311 mihi

133 2337 311 2398 defendendi
336 2343 435 2395 essent
450 2333 639 2394 Alexandrini
662 2351 759 2412 neque
781 2334 898 2396 fallaces
919 2353 984 2395 esse
1004 2353 1099 2414 neque
1114 2345 1206 2397 teme·

133 2421 213 2493 rarii,
235 2420 386 2498 multaque
409 2419 502 2479 oratio
525 2420 634 2480 frustra
649 2419 867 2495 absumeretur;
891 2437 957 2480 cum
972 2437 1041 2480 vero
1056 2439 1117 2481 uno
1132 2430 1207 2482 tem·
1229 2429 1243 2478 ³

134 2523 208 2585 pore
232 2515 261 2566 et
284 2503 363 2564 natio
385 2522 489 2566 eorum
512 2512 542 2564 et
564 2514 669 2566 natura
696 2515 907 2585 cognoscatur,
938 2505 1120 2584 aptissimum
1144 2525 1207 2567 esse

223 2671 249 2738 6,
263 2676 285 2724 1.
305 2675 461 2746 ψεοίὸιιεβ
528 2689 563 2724 eae
580 2671 694 2724 mareV
780 2674 804 2724 2.
824 2673 998 2724 temtatori*
1067 2676 1208 2725 exhibebat

136 2740 384 2793 admirationemv
446 2757 562 2806 causam,
580 2741 627 2792 mit
645 2740 915 2806 dbergeschriebenem
932 2742 1033 2804 rem‚F
1092 2745 1116 2796 3.
1135 2744 1207 2808 dige-

135 2814 198 2861 rant
213 2812 256 2858 aata‘
273 2807 319 2859 TV
406 2810 531 2873 different
548 2808 593 2861 TV
679 2811 778 2872 4[uero]
797 2807 837 2859 UF

221 2875 281 2939 7,1.
305 2877 355 2928 alii
372 2881 476 2928 morari
494 2877 632 2929 Caesarem
655 2880 684 2948 β,
702 2876 751 2926 alit
772 2874 877 2946 (nibil)
903 2881 1007 2928 murari
1025 2877 1060 2928 ist
1082 2877 1139 2930 eine
1157 2877 1207 2929 alle

134 2944 279 3008 Konjelstur
291 2959 337 2996 aare
350 2945 420 2996 einer
431 2952 504 2998 sonet
516 2945 652 2998 wertlosen
665 2944 827 2997 llandschrilt
839 2944 930 3011 (Boas.
943 2946 971 3010 3)
1031 2948 1152 2996 iuberent
1163 2944 1207 2996 TV

186 3011 348 3079 [eamm1ltl.
372 3013 465 3079 Haupt,
488 3028 508 3064 s.
528 3013 576 3080 Nip
595 3012 674 3081 erdey
698 3029 722 3080 p.
747 3015 795 3066 189
884 3018 998 3078 gravius
1022 3051 1029 3066 .
1052 3051 1058 3066 .
1084 3029 1208 3066 casarum

133 3081 243 3134 Kraffert
261 3081 348 3144 Proar.
367 3081 462 3133 Aurich
483 3083 556 3146 1882,
575 3030 600 3134 g.
617 3084 649 3134 76
700 3082 895 3133 Alexandrian
912 3080 953 3132 ur
1021 3086 1126 3148 possint
1142 3080 1164 3133 'l

133 3150 290 3217 apparentia
308 3148 354 3200 dv
423 3149 466 3200 illi
483 3148 527 3200 TV
615 3152 638 3202 2.
657 3148 871 3201 demandasti
948 3149 1098 3202 novemil'
1168 3153 1209 3215 [aet

131 3221 352 3354 §ligem-epum
369 3221 466 3285 pateat]
485 3217 576 3270 Gruter
593 3219 645 3270 und
663 3217 759 3270 llraner
852 3217 981 3284 (fallaces)
999 3223 1084 3269 assent
1099 3222 1132 3290 β,
1155 3235 1208 3270 assa

133 3423 159 3473 in
177 3421 248 3473 seiae
261 3419 398 3474 Stadtteile
414 3421 526 3484 lr'ahrteu,
544 3437 572 3473 ao
591 3420 646 3473 dass
698 3420 778 3472 durch
789 3422 865 3472 Arare
883 3436 942 3473 vom
961 3421 1130 3488 llaupthanal,
1147 3437 1206 3473 sou·

134 3490 190 3540 also
200 3488 246 3541 das
256 3505 306 3541 nun
317 3489 482 3555 singeleitete
489 3488 646 3542 Salawasser
697 3488 759 3540 dem
778 3489 857 3540 durch
875 3488 923 3541 den
936 3490 1037 3542 Abduls
1056 3490 1100 3541 der
1112 3489 1206 3541 oberen

134 3572 181 3607 nar
190 3557 215 3607 iu
226 3556 266 3608 die
277 3557 431 3608 leindlichen
442 3556 645 3610 Wasserbeclren
696 3555 798 3608 Becken
812 3557 927 3624 gespeist
941 3557 1054 3610 wurden.

134 3625 234 3678 llielsen
254 3624 359 3677 tonate.
731 3624 774 3688 a,1
790 3627 898 3676 lacessit
909 3627 1013 3678 absolut
1029 3625 1078 3677 wie
1096 3626 1193 3688 3,44,'l

169 3694 192 3744 2.
214 3696 346 3759 promiscis
369 3693 450 3744 bildet
474 3693 523 3744 den
548 3693 646 3758 Gegen-
698 3694 795 3756 3,101,
813 3695 837 3745 3.

135 3766 190 3812 sata
217 3775 249 3811 au
270 3759 415 3821 inferiores
437 3761 451 3826 §
470 3764 498 3824 3,
522 3762 572 3812 wie
595 3761 611 3828 ξ
630 3764 645 3813 4
730 3759 1207 3827 multograoiueautlmeaeerentvgl.

129 3831 294 3894 propterea
314 3827 438 3890 infeadar.
470 3828 515 3880 Die
537 3828 646 3894 Leitung
697 3826 800 3892 V30‚2
818 3845 902 3896 aequa
922 3833 945 3878 ia
961 3841 1019 3877 etam
1038 3863 1064 3877 ..
1082 3830 1130 3894 qui
1143 3843 1208 3892 gra-

134 3910 197 3958 war,
216 3896 265 3946 wie
284 3910 311 3946 es
332 3897 445 3961 seheint,
469 3912 499 3948 so
517 3897 645 3964 angebat,
695 3899 800 3947 oisetme
821 3915 856 3948 aaa
879 3895 1066 3947 saltemareis
1086 3897 1208 3962 periculo

135 3963 193 4017 dass
211 3963 252 4016 die
271 3964 441 4018 entierntereu
454 3964 556 4018 becken
575 3965 645 4017 nicht
696 3968 806 4016 terrear.
