2860 4572
576 341 685 393 CAPUT
704 343 798 397 (12.113.
1179 349 1218 406 51

154 512 323 588 adduxerat,
338 514 505 593 complures
516 515 652 576 cohortes
667 515 831 576 auxiliariae
842 515 1052 595 Hispanorum.
1078 518 1221 598 Namque,
1244 534 1259 584 2

154 606 187 658 ut
208 600 237 658 in
256 599 387 660 civilibus
402 599 635 660 dissensionibus
650 600 783 661 accidere
801 602 961 674 consuevit,
983 602 1022 662 ita
1037 605 1221 682 temporibus

153 682 210 744 illis
225 684 256 744 in
270 683 408 762 Hispania
420 684 582 745 nonnullae
596 685 724 745 civitates
737 684 826 747 rebus
838 685 927 747 Cassii
939 686 1104 760 studebant,
1120 690 1220 768 plures

153 767 290 830 MarceHo
319 768 464 830 favebant.
508 770 629 830 decedit
657 787 724 830 cum
753 771 845 850 copiis
871 771 970 848 bogas
998 773 1032 832 ad
1062 775 1257 838 anterioresa

153 851 280 914 Marcelli
310 854 499 916 munitiones.
544 855 696 933 Pugnatur
726 855 874 934 utrimque
903 857 1024 930 acriter,
1055 857 1220 938 crebroque

153 938 181 998 id
204 939 307 1000 accidit
328 940 449 1000 fortuna
470 957 559 1018 saepe
581 941 616 1000 ad
643 949 800 1019 utrumque
829 941 978 1002 victoriam
1007 944 1202 1005 transferente
1210 963 1218 1020 ;
1262 986 1267 998 ·

152 1041 208 1083 neo
229 1033 325 1084 tamen
350 1043 490 1102 umquam
512 1024 548 1084 ab
566 1025 705 1103 operibus
727 1025 882 1105 depellitur
896 1026 1059 1088 Marcellus.
1096 1029 1218 1090 lnterim
1233 1037 1271 1092 68

150 1107 280 1187 Lepidus
303 1129 338 1170 ex
354 1110 490 1170 citeriore
512 1109 661 1188 provincia
684 1128 750 1172 cum
769 1110 941 1172 cohortibus
962 1111 1129 1190 legionariis
1144 1133 1219 1175 xxxv

150 1211 318 1272 magnoque
342 1194 613 1273 numerosqaitum
636 1204 665 1255 et
682 1196 864 1274 reliquorum
885 1197 1060 1258 auxiliorum
1082 1199 1161 1259 venit
1184 1219 1218 1268 ea

150 1287 250 1339 mente
268 1279 368 1354 Uliam,
393 1289 424 1340 ut
438 1280 503 1341 sine
518 1279 577 1340 ullo
593 1281 689 1341 studio
705 1281 913 1342 contentiones
928 1281 1016 1343 Cassii
1032 1282 1218 1363 Marcellique

151 1375 352 1442 componeret.
391 1364 465 1425 Huic
482 1365 612 1426 venienti
627 1365 691 1426 sine
713 1365 896 1426 dubitatione
912 1366 1064 1428 Marcellus
1079 1387 1111 1428 se
1126 1371 1219 1432 credit
1239 1383 1254 1434 a

151 1457 239 1526 atque
262 1449 363 1522 ollert;
392 1449 507 1511 Cassius
529 1461 633 1511 contra
655 1450 716 1512 suis
738 1465 769 1511 se
793 1461 873 1512 tenet
895 1452 1062 1530 praesidiis,
1090 1453 1149 1514 sive
1171 1474 1216 1531 eo,

150 1534 229 1612 quod
251 1535 319 1613 plus
337 1533 394 1595 sibi
409 1535 480 1596 iuris
499 1535 599 1596 deberi
615 1551 703 1614 quam
718 1536 853 1596 Marcello
877 1537 1066 1612 existimabat,
1089 1538 1149 1599 sive
1171 1559 1216 1615 eo,

150 1619 239 1697 qnod,
256 1637 294 1680 ne
309 1629 543 1699 praeoccupatus
556 1621 671 1682 animus
686 1621 789 1700 Lepidi
804 1632 881 1682 esset
896 1622 1036 1700 obsequio
1050 1623 1216 1701 adversarii,

144 1703 314 1765 verebatur.
351 1705 438 1766 Ponit
459 1706 495 1765 ad
516 1704 609 1766 Uliam
627 1715 721 1766 castra
737 1706 865 1786 Lepidus
888 1725 985 1785 neque
1000 1707 1088 1769 habet
1109 1708 1216 1770 allar—
1239 1723 1253 1772 a

150 1789 224 1849 cello
247 1790 405 1868 quicquam
427 1790 517 1851 divisi.
562 1791 603 1851 Ne
623 1797 783 1870 pugnetur,
806 1791 968 1868 interdicit;
990 1793 1025 1852 ad
1048 1795 1216 1855 exeundum

150 1872 279 1935 Cassium
302 1874 405 1936 invitat
432 1875 579 1955 fidemque
603 1891 685 1937 suam
709 1876 738 1936 in
763 1895 795 1936 re
818 1876 899 1936 omni
927 1875 1098 1955 interponit.
1144 1879 1252 1942 Cuma

149 1959 197 2018 diu
213 1959 374 2021 dubitasset
389 1959 514 2033 Cassius,
538 1961 607 2040 quid
625 1961 679 2022 sibi
703 1961 869 2021 laciendum
886 1961 990 2040 quidve
1005 1961 1116 2040 Lepido
1139 1975 1216 2026 esset

147 2045 338 2120 credendam,
361 2061 459 2124 neque
481 2045 573 2106 ullum
595 2047 704 2107 exitum
721 2046 835 2106 consilii
858 2046 903 2106 sui
925 2047 1078 2124 reperiret,
1101 2048 1125 2108 si
1147 2068 1215 2127 per*

146 2139 279 2190 maneret
307 2130 338 2189 in
367 2131 531 2205 sententia,
562 2131 706 2210 postulat,
736 2131 779 2193 uti
807 2131 988 2192 munitiones
1010 2132 1214 2206 discerentur,

147 2213 262 2292 sibique
284 2212 360 2275 liber
381 2215 476 2275 exitus
498 2215 625 2276 daretur.
669 2216 735 2276 Non
758 2225 872 2276 tantum
894 2215 1016 2277 indutiis
1036 2217 1136 2291 lactis,
1163 2219 1213 2280 sed
1236 2231 1251 2282 5

146 2316 240 2377 prope
256 2299 312 2358 iam
334 2295 443 2381 (pace)
459 2300 615 2360 constituta
634 2318 723 2380 opera
737 2296 841 2384 (cum)
862 2301 1092 2380 complanarent,
1116 2312 1214 2364 custo-

147 2381 270 2460 diaeque
286 2383 484 2444 munitionum
498 2393 597 2446 essent
607 2386 757 2460 deductae,
774 2385 967 2477 auxiliaregis
978 2386 1008 2446 in
1025 2387 1054 2448 id
1065 2388 1214 2450 castellum

232 2529 277 2595 62,
298 2533 496 2590 tonationis
513 2538 547 2605 β,
571 2536 737 2586 auuttiariae
754 2536 799 2588 mit
817 2535 990 2588 schlechtsren
1009 2536 1162 2592 Handschr.‘
1265 2539 1270 2552 '

146 2601 170 2652 2.
193 2599 351 2651 Marcellum
372 2599 500 2661 fovebant
519 2601 564 2654 TV
651 2607 674 2658 3.
694 2602 873 2667 [Marcellel'l
960 2604 996 2656 ad
1017 2609 1152 2672 utrimque
1169 2607 1214 2658 TV

197 2667 402 2729 transferentem
420 2668 486 2721 U'l'V
538 2671 697 2737 unquamU
755 2689 944 2738 menumquam
963 2679 1049 2723 tamen
1067 2672 1088 2725 Τ

231 2735 277 2801 63,
297 2740 319 2790 1.
345 2754 404 2788 eum
431 2740 584 2790 cohortibus
611 2741 759 2806 legionibus
784 2739 804 2788 V
874 2743 896 2792 2.
914 2757 942 2792 aa
967 2744 1069 2804 recepit
1094 2747 1215 2808 tenetque

142 2805 288 2868 praesidiis
305 2803 340 2868 Τ,
361 2821 409 2856 nee
425 2813 638 2872 praeoccupatus
655 2806 697 2858 llll
783 2807 912 2874 LipidiT
981 2811 1006 2862 4.
1025 2811 1096 2872 [eibi]
1112 2808 1214 2870 fauen-

145 2870 249 2921 dumV
300 2872 441 2938 LipodoT
493 2873 678 2926 disicerentur·
689 2875 718 2938 V,
736 2876 927 2928 distinerentur
943 2875 1007 2927 UFT
1077 2881 1101 2928 5.
1117 2876 1215 2945 (paee)

144 2938 292 3007 Nipperdey
360 2942 450 3010 (cum)
468 2944 669 3009 complanarent
685 2943 764 2995 Aldus

144 3061 168 3124 3)
181 3059 248 3112 noch
261 3058 340 3111 durch
357 3058 403 3110 das
416 3060 525 3126 Zeugnis
544 3060 589 3112 des
602 3061 655 3113 Pri-
740 3065 763 3114 3.
781 3077 865 3128 neque
883 3063 960 3111 laedet
971 3079 987 3112 a
1000 3061 1126 3112 Marcello
1139 3064 1215 3128 quid-

143 3129 213 3179 ecian
233 3127 377 3194 uidentem,
397 3127 508 3179 welcher
523 3122 604 3181 l'natit.
622 3129 654 3181 Vl
705 3145 785 3196 quam
803 3131 883 3181 diuisi
899 3123 1024 3180 beilst‘er
1036 3129 1156 3182 handelte
1168 3133 1214 3182 mit

143 3198 175 3248 22
194 3201 265 3262 sagt:
293 3197 387 3246 Inveni
409 3199 497 3246 tamen
519 3198 593 3262 apud
609 3195 654 3248 Li·
704 3195 838 3249 Marcellus
853 3197 887 3246 im
900 3194 1154 3264 Einverstindnisse’,
1172 3199 1214 3252 die

142 3267 214 3314 oium
223 3267 252 3314 in
264 3261 338 3316 CXII
342 3266 375 3314 ab
385 3265 451 3314 urbe
460 3265 566 3315 condita
576 3262 653 3316 in‘d’
706 3265 876 3330 Vereinigang
899 3264 944 3316 der
960 3264 1080 3331 Truppen
1105 3267 1214 3334 eriolqte

143 3331 264 3382 desinens
291 3335 435 3384 barbarum
460 3347 557 3383 nomen
581 3337 654 3399 regie
704 3333 993 3399 erstspiter,vgl.64‚
1013 3337 1035 3387 1.

142 3393 422 3484 Maurorum‘liopud'
437 3405 485 3452 etc.
504 3400 548 3452 Bei
559 3401 652 3454 Strabo
736 3405 767 3452 tn
783 3418 814 3452 ra
827 3405 915 3451 omui:
932 3401 1094 3466 gewohnlich
1106 3404 1174 3455 steht
1185 3403 1213 3454 in

142 3464 227 3517 finden
245 3469 300 3519 sich
318 3473 357 3520 Bo
376 3487 419 3528 oo,
440 3463 530 3537 atyn,
549 3464 650 3540 Beiram
703 3469 786 3522 dieser
809 3468 973 3532 Verbindung
997 3469 1041 3520 der
1067 3473 1212 3535 decrestis,

143 3533 184 3584 bei
194 3535 293 3600 Appian
302 3487 419 3589 Boias
429 3532 519 3606 deor
532 3543 574 3599 (st.
584 3535 653 3588 Bo'u-
703 3538 754 3604 agl.
778 3535 800 3586 V
824 3539 864 3600 36,
883 3538 898 3588 2
921 3539 1002 3601 inqua
1026 3555 1083 3589 eam
1105 3554 1161 3588 rem
1185 3555 1213 3589 se

141 3605 212 3666 pori:
226 3599 271 3654 uto
282 3603 384 3657 Cassius
393 3607 434 3664 48,
448 3608 488 3668 45,
502 3611 511 3658 l
523 3603 651 3674 Boyoiue.
702 3620 778 3656 suam
800 3604 878 3666 fidem
901 3608 1085 3674 interponere;
1111 3605 1162 3658 Cic.
1186 3623 1211 3673 p.

175 3669 254 3734 tut.
275 3673 427 3738 obsequio
439 3675 596 3724 aduersarii.
624 3673 651 3724 ln
702 3672 776 3725 Hosc.
795 3675 851 3724 Am.
869 3672 886 3740 ὅ
904 3675 954 3724 114
971 3676 1052 3739 inque
1075 3691 1132 3724 eam
1154 3688 1211 3726 rem

141 3736 253 3802 gleicber
276 3737 427 3805 Bedeutung
451 3741 556 3793 braucht
574 3741 651 3792 Ghsar
701 3741 780 3804 fidem
797 3757 873 3791 ruam
891 3777 898 3792 .
916 3777 923 3792 .
942 3779 948 3792 .
965 3745 1153 3808 interponeret.

141 3804 309 3890 ebrequeptiu
327 3807 370 3858 Vll
388 3808 429 3872 29,
448 3811 475 3860 4:
499 3812 584 3888 nimia
606 3812 650 3860 ob·
736 3813 759 3862 4.
778 3811 881 3860 emitum
905 3811 1011 3892 consilii
1027 3813 1071 3860 sui
1087 3810 1138 3893 apl.
1158 3811 1211 3863 Vlll

139 3875 481 4008 ttttlttttttttth
497 3877 650 3997 altitu
699 3879 1210 4018 interturbaretur

139 4005 218 4062 seben
237 4009 349 4078 Sprache
367 4012 437 4064 nicht
454 4026 508 4066 ror.
700 4019 821 4066 nutaret.

1017 4099 1055 4151 4*
