<?xml version="1.0" encoding="UTF-8"?>
<!DOCTYPE html PUBLIC "-//W3C//DTD XHTML 1.0 Transitional//EN"
    "http://www.w3.org/TR/xhtml1/DTD/xhtml1-transitional.dtd">
<html xmlns="http://www.w3.org/1999/xhtml" xml:lang="en" lang="en">
 <head>
  <title>
</title>
<meta http-equiv="Content-Type" content="text/html;charset=utf-8" />
  <meta name='ocr-system' content='tesseract 3.04.00' />
  <meta name='ocr-capabilities' content='ocr_page ocr_carea ocr_par ocr_line ocrx_word'/>
</head>
<body>
  <div class='ocr_page' id='page_1' title='image "bellumalexandri00hirtgoog_0020.png"; bbox 0 0 2860 4572; ppageno 0'>
   <div class='ocr_carea' id='block_1_1' title="bbox 546 255 1198 318">
    <p class='ocr_par' dir='ltr' id='par_1_1' title="bbox 546 255 1198 318">
     <span class='ocr_line' id='line_1_1' title="bbox 546 255 1198 318; baseline 0.017 -11"><span class='ocrx_word' id='word_1_1' title='bbox 546 255 670 318; x_wconf 67' lang='lat' dir='ltr'><strong>‚eleba</strong></span> <span class='ocrx_word' id='word_1_2' title='bbox 689 259 714 312; x_wconf 87' lang='grc'><strong>9.</strong></span> <span class='ocrx_word' id='word_1_3' title='bbox 729 260 768 312; x_wconf 85' lang='grc'><strong>10.</strong></span> <span class='ocrx_word' id='word_1_4' title='bbox 1181 256 1198 318; x_wconf 82' lang='grc'><strong>7</strong></span> 
     </span>
    </p>
   </div>
   <div class='ocr_carea' id='block_1_2' title="bbox 114 427 1311 2209">
    <p class='ocr_par' dir='ltr' id='par_1_2' title="bbox 114 427 1311 2209">
     <span class='ocr_line' id='line_1_2' title="bbox 129 427 1200 509; baseline 0.003 -20"><span class='ocrx_word' id='word_1_5' title='bbox 129 436 237 508; x_wconf 90' lang='lat' dir='ltr'><strong>puteos</strong></span> <span class='ocrx_word' id='word_1_6' title='bbox 258 428 389 490; x_wconf 89' lang='lat' dir='ltr'><strong>animum</strong></span> <span class='ocrx_word' id='word_1_7' title='bbox 411 427 568 490; x_wconf 82' lang='lat' dir='ltr'><strong>conferant</strong></span> <span class='ocrx_word' id='word_1_8' title='bbox 583 447 655 490; x_wconf 92' lang='lat' dir='ltr'><strong>neve</strong></span> <span class='ocrx_word' id='word_1_9' title='bbox 672 446 759 506; x_wconf 88' lang='lat' dir='ltr'><strong>qnam</strong></span> <span class='ocrx_word' id='word_1_10' title='bbox 775 437 887 508; x_wconf 87' lang='lat' dir='ltr'><strong>partem</strong></span> <span class='ocrx_word' id='word_1_11' title='bbox 904 429 1044 490; x_wconf 81' lang='lat' dir='ltr'><strong>nocturni</strong></span> <span class='ocrx_word' id='word_1_12' title='bbox 1058 430 1200 509; x_wconf 89' lang='lat' dir='ltr'><strong>temporis</strong></span> 
     </span>
     <span class='ocr_line' id='line_1_3' title="bbox 114 511 1238 592; baseline 0 -17"><span class='ocrx_word' id='word_1_13' title='bbox 114 514 337 575; x_wconf 51' lang='lat' dir='ltr'><strong>tintermittant.</strong></span> <span class='ocrx_word' id='word_1_14' title='bbox 381 511 447 582; x_wconf 87' lang='lat' dir='ltr'><strong>Quo</strong></span> <span class='ocrx_word' id='word_1_15' title='bbox 473 523 610 592; x_wconf 91' lang='lat' dir='ltr'><strong>suscepto</strong></span> <span class='ocrx_word' id='word_1_16' title='bbox 633 515 752 592; x_wconf 85' lang='lat' dir='ltr'><strong>negotio</strong></span> <span class='ocrx_word' id='word_1_17' title='bbox 774 524 862 592; x_wconf 88' lang='lat' dir='ltr'><strong>atque</strong></span> <span class='ocrx_word' id='word_1_18' title='bbox 885 515 1017 576; x_wconf 92' lang='lat' dir='ltr'><strong>omnium</strong></span> <span class='ocrx_word' id='word_1_19' title='bbox 1038 515 1145 576; x_wconf 92' lang='lat' dir='ltr'><strong>animis</strong></span> <span class='ocrx_word' id='word_1_20' title='bbox 1166 515 1238 575; x_wconf 73' lang='lat' dir='ltr'><strong>adh</strong></span> 
     </span>
     <span class='ocr_line' id='line_1_4' title="bbox 130 597 1200 677; baseline 0.003 -17"><span class='ocrx_word' id='word_1_21' title='bbox 130 599 262 660; x_wconf 90' lang='lat' dir='ltr'><strong>laborem</strong></span> <span class='ocrx_word' id='word_1_22' title='bbox 289 597 416 660; x_wconf 86' lang='lat' dir='ltr'><strong>incitatis</strong></span> <span class='ocrx_word' id='word_1_23' title='bbox 444 615 549 675; x_wconf 83' lang='lat' dir='ltr'><strong>magna</strong></span> <span class='ocrx_word' id='word_1_24' title='bbox 577 617 637 659; x_wconf 91' lang='lat' dir='ltr'><strong>una</strong></span> <span class='ocrx_word' id='word_1_25' title='bbox 665 608 754 660; x_wconf 90' lang='lat' dir='ltr'><strong>nocte</strong></span> <span class='ocrx_word' id='word_1_26' title='bbox 781 599 824 660; x_wconf 90' lang='lat' dir='ltr'><strong>vis</strong></span> <span class='ocrx_word' id='word_1_27' title='bbox 852 617 945 677; x_wconf 89' lang='lat' dir='ltr'><strong>aquae</strong></span> <span class='ocrx_word' id='word_1_28' title='bbox 967 600 1060 662; x_wconf 89' lang='lat' dir='ltr'><strong>dulcis</strong></span> <span class='ocrx_word' id='word_1_29' title='bbox 1082 600 1200 662; x_wconf 83' lang='lat' dir='ltr'><strong>inventa</strong></span> 
     </span>
     <span class='ocr_line' id='line_1_5' title="bbox 131 682 1200 764; baseline 0.001 -19"><span class='ocrx_word' id='word_1_30' title='bbox 131 693 184 746; x_wconf 90' lang='lat' dir='ltr'><strong>est</strong></span> <span class='ocrx_word' id='word_1_31' title='bbox 220 683 263 744; x_wconf 87' lang='lat' dir='ltr'><strong>lta</strong></span> <span class='ocrx_word' id='word_1_32' title='bbox 284 683 415 763; x_wconf 83' lang='lat' dir='ltr'><strong>operosis</strong></span> <span class='ocrx_word' id='word_1_33' title='bbox 430 682 697 745; x_wconf 75' lang='lat' dir='ltr'><strong>Alexandrinorum</strong></span> <span class='ocrx_word' id='word_1_34' title='bbox 720 683 988 746; x_wconf 81' lang='lat' dir='ltr'><strong>machinationibus</strong></span> <span class='ocrx_word' id='word_1_35' title='bbox 1008 684 1200 764; x_wconf 63' lang='lat' dir='ltr'><strong>maximisque</strong></span> 
     </span>
     <span class='ocr_line' id='line_1_6' title="bbox 126 767 1238 848; baseline 0 -18"><span class='ocrx_word' id='word_1_36' title='bbox 126 768 286 830; x_wconf 88' lang='lat' dir='ltr'><strong>conatibus</strong></span> <span class='ocrx_word' id='word_1_37' title='bbox 309 785 369 830; x_wconf 92' lang='lat' dir='ltr'><strong>non</strong></span> <span class='ocrx_word' id='word_1_38' title='bbox 392 767 474 846; x_wconf 85' lang='lat' dir='ltr'><strong>longi</strong></span> <span class='ocrx_word' id='word_1_39' title='bbox 497 769 639 848; x_wconf 85' lang='lat' dir='ltr'><strong>temporis</strong></span> <span class='ocrx_word' id='word_1_40' title='bbox 661 769 762 830; x_wconf 92' lang='lat' dir='ltr'><strong>labore</strong></span> <span class='ocrx_word' id='word_1_41' title='bbox 784 787 940 830; x_wconf 87' lang='lat' dir='ltr'><strong>occursum</strong></span> <span class='ocrx_word' id='word_1_42' title='bbox 963 779 1015 830; x_wconf 89' lang='lat' dir='ltr'><strong>est.</strong></span> <span class='ocrx_word' id='word_1_43' title='bbox 1052 769 1095 829; x_wconf 83' lang='lat' dir='ltr'><strong>Eo</strong></span> <span class='ocrx_word' id='word_1_44' title='bbox 1111 770 1238 832; x_wconf 80' lang='lat' dir='ltr'><strong>hienae</strong></span> 
     </span>
     <span class='ocr_line' id='line_1_7' title="bbox 131 853 1199 933; baseline 0 -17"><span class='ocrx_word' id='word_1_45' title='bbox 131 855 207 933; x_wconf 85' lang='lat' dir='ltr'><strong>legio</strong></span> <span class='ocrx_word' id='word_1_46' title='bbox 229 873 324 914; x_wconf 82' lang='lat' dir='ltr'><strong>xxxvii</strong></span> <span class='ocrx_word' id='word_1_47' title='bbox 347 873 383 914; x_wconf 83' lang='lat' dir='ltr'><strong>ex</strong></span> <span class='ocrx_word' id='word_1_48' title='bbox 405 853 550 915; x_wconf 82' lang='lat' dir='ltr'><strong>dediticiis</strong></span> <span class='ocrx_word' id='word_1_49' title='bbox 571 853 760 933; x_wconf 82' lang='lat' dir='ltr'><strong>Pompeianis</strong></span> <span class='ocrx_word' id='word_1_50' title='bbox 787 853 927 914; x_wconf 91' lang='lat' dir='ltr'><strong>militibus</strong></span> <span class='ocrx_word' id='word_1_51' title='bbox 949 873 1016 914; x_wconf 91' lang='lat' dir='ltr'><strong>cnm</strong></span> <span class='ocrx_word' id='word_1_52' title='bbox 1038 855 1199 929; x_wconf 86' lang='lat' dir='ltr'><strong>frumento,</strong></span> 
     </span>
     <span class='ocr_line' id='line_1_8' title="bbox 125 938 1199 1017; baseline 0.001 -17"><span class='ocrx_word' id='word_1_53' title='bbox 125 938 227 1012; x_wconf 74' lang='lat' dir='ltr'><strong>armis</strong></span> <span class='ocrx_word' id='word_1_54' title='bbox 249 939 325 1011; x_wconf 88' lang='lat' dir='ltr'><strong>telis,</strong></span> <span class='ocrx_word' id='word_1_55' title='bbox 346 938 502 1000; x_wconf 88' lang='lat' dir='ltr'><strong>tormentis</strong></span> <span class='ocrx_word' id='word_1_56' title='bbox 523 938 660 1017; x_wconf 87' lang='lat' dir='ltr'><strong>imposita</strong></span> <span class='ocrx_word' id='word_1_57' title='bbox 682 939 712 999; x_wconf 95' lang='lat' dir='ltr'><strong>in</strong></span> <span class='ocrx_word' id='word_1_58' title='bbox 737 956 825 1000; x_wconf 89' lang='lat' dir='ltr'><strong>naves</strong></span> <span class='ocrx_word' id='word_1_59' title='bbox 848 939 1007 1001; x_wconf 86' lang='lat' dir='ltr'><strong>abomitio</strong></span> <span class='ocrx_word' id='word_1_60' title='bbox 1024 939 1141 1001; x_wconf 85' lang='lat' dir='ltr'><strong>Calvino</strong></span> <span class='ocrx_word' id='word_1_61' title='bbox 1164 941 1199 1002; x_wconf 86' lang='lat' dir='ltr'><strong>ad</strong></span> 
     </span>
     <span class='ocr_line' id='line_1_9' title="bbox 128 1023 1238 1103; baseline 0.001 -19"><span class='ocrx_word' id='word_1_62' title='bbox 128 1025 214 1086; x_wconf 89' lang='lat' dir='ltr'><strong>litora</strong></span> <span class='ocrx_word' id='word_1_63' title='bbox 229 1025 344 1085; x_wconf 79' lang='lat' dir='ltr'><strong>hlricae</strong></span> <span class='ocrx_word' id='word_1_64' title='bbox 366 1023 455 1103; x_wconf 88' lang='lat' dir='ltr'><strong>paulo</strong></span> <span class='ocrx_word' id='word_1_65' title='bbox 477 1041 567 1102; x_wconf 88' lang='lat' dir='ltr'><strong>supra</strong></span> <span class='ocrx_word' id='word_1_66' title='bbox 589 1023 793 1084; x_wconf 76' lang='lat' dir='ltr'><strong>Alexandriam</strong></span> <span class='ocrx_word' id='word_1_67' title='bbox 817 1023 911 1084; x_wconf 89' lang='lat' dir='ltr'><strong>delata</strong></span> <span class='ocrx_word' id='word_1_68' title='bbox 933 1033 987 1086; x_wconf 89' lang='lat' dir='ltr'><strong>est.</strong></span> <span class='ocrx_word' id='word_1_69' title='bbox 1029 1025 1091 1086; x_wconf 91' lang='lat' dir='ltr'><strong>Hae</strong></span> <span class='ocrx_word' id='word_1_70' title='bbox 1114 1043 1202 1086; x_wconf 90' lang='lat' dir='ltr'><strong>naves</strong></span> <span class='ocrx_word' id='word_1_71' title='bbox 1222 1035 1238 1085; x_wconf 83' lang='lat'>4</span> 
     </span>
     <span class='ocr_line' id='line_1_10' title="bbox 124 1107 1200 1189; baseline 0.001 -19"><span class='ocrx_word' id='word_1_72' title='bbox 124 1128 211 1182; x_wconf 85' lang='lat' dir='ltr'><strong>euro,</strong></span> <span class='ocrx_word' id='word_1_73' title='bbox 239 1109 288 1187; x_wconf 76' lang='lat' dir='ltr'><strong>(lui</strong></span> <span class='ocrx_word' id='word_1_74' title='bbox 312 1108 420 1170; x_wconf 91' lang='lat' dir='ltr'><strong>multos</strong></span> <span class='ocrx_word' id='word_1_75' title='bbox 442 1107 504 1170; x_wconf 92' lang='lat' dir='ltr'><strong>dies</strong></span> <span class='ocrx_word' id='word_1_76' title='bbox 526 1108 716 1170; x_wconf 83' lang='lat' dir='ltr'><strong>continenter</strong></span> <span class='ocrx_word' id='word_1_77' title='bbox 736 1109 833 1180; x_wconf 76' lang='lat' dir='ltr'><strong>flabat,</strong></span> <span class='ocrx_word' id='word_1_78' title='bbox 859 1118 978 1188; x_wconf 89' lang='lat' dir='ltr'><strong>portum</strong></span> <span class='ocrx_word' id='word_1_79' title='bbox 1002 1128 1107 1188; x_wconf 86' lang='lat' dir='ltr'><strong>capere</strong></span> <span class='ocrx_word' id='word_1_80' title='bbox 1129 1128 1200 1189; x_wconf 92' lang='lat' dir='ltr'><strong>pro·</strong></span> 
     </span>
     <span class='ocr_line' id='line_1_11' title="bbox 128 1194 1201 1273; baseline 0.002 -19"><span class='ocrx_word' id='word_1_81' title='bbox 128 1195 321 1267; x_wconf 90' lang='lat' dir='ltr'><strong>hibebantur;</strong></span> <span class='ocrx_word' id='word_1_82' title='bbox 344 1194 394 1255; x_wconf 87' lang='lat' dir='ltr'><strong>sed</strong></span> <span class='ocrx_word' id='word_1_83' title='bbox 414 1194 479 1254; x_wconf 90' lang='lat' dir='ltr'><strong>loca</strong></span> <span class='ocrx_word' id='word_1_84' title='bbox 493 1203 564 1255; x_wconf 90' lang='lat' dir='ltr'><strong>sunt</strong></span> <span class='ocrx_word' id='word_1_85' title='bbox 578 1194 694 1273; x_wconf 83' lang='lat' dir='ltr'><strong>egregia</strong></span> <span class='ocrx_word' id='word_1_86' title='bbox 709 1195 791 1255; x_wconf 92' lang='lat' dir='ltr'><strong>omni</strong></span> <span class='ocrx_word' id='word_1_87' title='bbox 805 1194 854 1255; x_wconf 90' lang='lat' dir='ltr'><strong>illa</strong></span> <span class='ocrx_word' id='word_1_88' title='bbox 868 1195 991 1273; x_wconf 77' lang='lat' dir='ltr'><strong>regione</strong></span> <span class='ocrx_word' id='word_1_89' title='bbox 1006 1194 1043 1255; x_wconf 93' lang='lat' dir='ltr'><strong>ad</strong></span> <span class='ocrx_word' id='word_1_90' title='bbox 1057 1196 1201 1256; x_wconf 88' lang='lat' dir='ltr'><strong>tenendas</strong></span> 
     </span>
     <span class='ocr_line' id='line_1_12' title="bbox 125 1278 1199 1359; baseline 0.001 -19"><span class='ocrx_word' id='word_1_91' title='bbox 125 1297 262 1341; x_wconf 88' lang='lat' dir='ltr'><strong>ancoras.</strong></span> <span class='ocrx_word' id='word_1_92' title='bbox 306 1278 343 1339; x_wconf 94' lang='lat' dir='ltr'><strong>lli</strong></span> <span class='ocrx_word' id='word_1_93' title='bbox 371 1297 439 1339; x_wconf 89' lang='lat' dir='ltr'><strong>cum</strong></span> <span class='ocrx_word' id='word_1_94' title='bbox 469 1278 519 1339; x_wconf 93' lang='lat' dir='ltr'><strong>diu</strong></span> <span class='ocrx_word' id='word_1_95' title='bbox 547 1279 749 1340; x_wconf 90' lang='lat' dir='ltr'><strong>retinerentur</strong></span> <span class='ocrx_word' id='word_1_96' title='bbox 778 1287 866 1358; x_wconf 87' lang='lat' dir='ltr'><strong>atque</strong></span> <span class='ocrx_word' id='word_1_97' title='bbox 894 1297 987 1358; x_wconf 87' lang='lat' dir='ltr'><strong>aquae</strong></span> <span class='ocrx_word' id='word_1_98' title='bbox 1010 1280 1109 1359; x_wconf 89' lang='lat' dir='ltr'><strong>inopia</strong></span> <span class='ocrx_word' id='word_1_99' title='bbox 1131 1298 1199 1359; x_wconf 88' lang='lat' dir='ltr'><strong>pre·</strong></span> 
     </span>
     <span class='ocr_line' id='line_1_13' title="bbox 129 1363 1252 1442; baseline 0.001 -18"><span class='ocrx_word' id='word_1_100' title='bbox 129 1373 292 1437; x_wconf 89' lang='lat' dir='ltr'><strong>merentur,</strong></span> <span class='ocrx_word' id='word_1_101' title='bbox 311 1363 427 1442; x_wconf 85' lang='lat' dir='ltr'><strong>navigio</strong></span> <span class='ocrx_word' id='word_1_102' title='bbox 442 1364 571 1424; x_wconf 86' lang='lat' dir='ltr'><strong>actuario</strong></span> <span class='ocrx_word' id='word_1_103' title='bbox 587 1363 738 1426; x_wconf 81' lang='lat' dir='ltr'><strong>Caesarem</strong></span> <span class='ocrx_word' id='word_1_104' title='bbox 755 1364 869 1426; x_wconf 86' lang='lat' dir='ltr'><strong>faciunt</strong></span> <span class='ocrx_word' id='word_1_105' title='bbox 883 1364 1049 1426; x_wconf 87' lang='lat' dir='ltr'><strong>certiorem.</strong></span> <span class='ocrx_word' id='word_1_106' title='bbox 1083 1365 1198 1439; x_wconf 81' lang='lat' dir='ltr'><strong>Caesar,</strong></span> <span class='ocrx_word' id='word_1_107' title='bbox 1215 1369 1252 1424; x_wconf 86' lang='lat'><strong>10</strong></span> 
     </span>
     <span class='ocr_line' id='line_1_14' title="bbox 127 1448 1200 1529; baseline 0.001 -20"><span class='ocrx_word' id='word_1_108' title='bbox 127 1458 164 1509; x_wconf 88' lang='lat' dir='ltr'><strong>ut</strong></span> <span class='ocrx_word' id='word_1_109' title='bbox 184 1468 239 1529; x_wconf 92' lang='lat' dir='ltr'><strong>per</strong></span> <span class='ocrx_word' id='word_1_110' title='bbox 260 1466 292 1510; x_wconf 91' lang='lat' dir='ltr'><strong>se</strong></span> <span class='ocrx_word' id='word_1_111' title='bbox 314 1448 470 1510; x_wconf 88' lang='lat' dir='ltr'><strong>consilinm</strong></span> <span class='ocrx_word' id='word_1_112' title='bbox 493 1458 620 1529; x_wconf 88' lang='lat' dir='ltr'><strong>caperet,</strong></span> <span class='ocrx_word' id='word_1_113' title='bbox 643 1450 713 1528; x_wconf 89' lang='lat' dir='ltr'><strong>quid</strong></span> <span class='ocrx_word' id='word_1_114' title='bbox 734 1449 901 1511; x_wconf 86' lang='lat' dir='ltr'><strong>laciendum</strong></span> <span class='ocrx_word' id='word_1_115' title='bbox 916 1450 1073 1524; x_wconf 90' lang='lat' dir='ltr'><strong>videretur,</strong></span> <span class='ocrx_word' id='word_1_116' title='bbox 1097 1467 1200 1511; x_wconf 87' lang='lat' dir='ltr'><strong>narem</strong></span> 
     </span>
     <span class='ocr_line' id='line_1_15' title="bbox 127 1531 1311 1613; baseline 0.002 -19"><span class='ocrx_word' id='word_1_117' title='bbox 127 1534 305 1596; x_wconf 90' lang='lat' dir='ltr'><strong>conscendit</strong></span> <span class='ocrx_word' id='word_1_118' title='bbox 326 1543 414 1611; x_wconf 87' lang='lat' dir='ltr'><strong>atque</strong></span> <span class='ocrx_word' id='word_1_119' title='bbox 436 1552 554 1596; x_wconf 92' lang='lat' dir='ltr'><strong>omnem</strong></span> <span class='ocrx_word' id='word_1_120' title='bbox 575 1535 697 1596; x_wconf 87' lang='lat' dir='ltr'><strong>classem</strong></span> <span class='ocrx_word' id='word_1_121' title='bbox 720 1553 752 1596; x_wconf 91' lang='lat' dir='ltr'><strong>se</strong></span> <span class='ocrx_word' id='word_1_122' title='bbox 774 1535 856 1613; x_wconf 87' lang='lat' dir='ltr'><strong>sequi</strong></span> <span class='ocrx_word' id='word_1_123' title='bbox 880 1535 963 1596; x_wconf 91' lang='lat' dir='ltr'><strong>iussit</strong></span> <span class='ocrx_word' id='word_1_124' title='bbox 985 1535 1073 1596; x_wconf 89' lang='lat' dir='ltr'><strong>nullis</strong></span> <span class='ocrx_word' id='word_1_125' title='bbox 1091 1531 1203 1597; x_wconf 89' lang='lat' dir='ltr'><strong>nostris</strong></span> <span class='ocrx_word' id='word_1_126' title='bbox 1310 1562 1311 1568; x_wconf 45' lang='lat'>¹</span> 
     </span>
     <span class='ocr_line' id='line_1_16' title="bbox 130 1617 1201 1699; baseline 0 -19"><span class='ocrx_word' id='word_1_127' title='bbox 130 1618 272 1680; x_wconf 91' lang='lat' dir='ltr'><strong>militibus</strong></span> <span class='ocrx_word' id='word_1_128' title='bbox 294 1617 444 1698; x_wconf 87' lang='lat' dir='ltr'><strong>impositis,</strong></span> <span class='ocrx_word' id='word_1_129' title='bbox 467 1620 556 1698; x_wconf 89' lang='lat' dir='ltr'><strong>quod,</strong></span> <span class='ocrx_word' id='word_1_130' title='bbox 579 1638 646 1681; x_wconf 92' lang='lat' dir='ltr'><strong>cum</strong></span> <span class='ocrx_word' id='word_1_131' title='bbox 668 1621 786 1698; x_wconf 84' lang='lat' dir='ltr'><strong>longius</strong></span> <span class='ocrx_word' id='word_1_132' title='bbox 803 1620 891 1699; x_wconf 85' lang='lat' dir='ltr'><strong>paulo</strong></span> <span class='ocrx_word' id='word_1_133' title='bbox 907 1619 1079 1693; x_wconf 86' lang='lat' dir='ltr'><strong>discederet,</strong></span> <span class='ocrx_word' id='word_1_134' title='bbox 1101 1621 1201 1683; x_wconf 90' lang='lat' dir='ltr'><strong>muni·</strong></span> 
     </span>
     <span class='ocr_line' id='line_1_17' title="bbox 128 1704 1236 1783; baseline 0 -19"><span class='ocrx_word' id='word_1_135' title='bbox 128 1705 227 1766; x_wconf 90' lang='lat' dir='ltr'><strong>tiones</strong></span> <span class='ocrx_word' id='word_1_136' title='bbox 255 1704 360 1764; x_wconf 86' lang='lat' dir='ltr'><strong>nudari</strong></span> <span class='ocrx_word' id='word_1_137' title='bbox 388 1704 516 1766; x_wconf 87' lang='lat' dir='ltr'><strong>nolebat.</strong></span> <span class='ocrx_word' id='word_1_138' title='bbox 565 1704 697 1783; x_wconf 87' lang='lat' dir='ltr'><strong>Cumque</strong></span> <span class='ocrx_word' id='word_1_139' title='bbox 725 1704 761 1765; x_wconf 90' lang='lat' dir='ltr'><strong>ad</strong></span> <span class='ocrx_word' id='word_1_140' title='bbox 789 1723 857 1766; x_wconf 90' lang='lat' dir='ltr'><strong>cum</strong></span> <span class='ocrx_word' id='word_1_141' title='bbox 890 1705 986 1766; x_wconf 90' lang='lat' dir='ltr'><strong>locum</strong></span> <span class='ocrx_word' id='word_1_142' title='bbox 1021 1705 1236 1779; x_wconf 61' lang='lat' dir='ltr'><strong>accessissent</strong></span> 
     </span>
     <span class='ocr_line' id='line_1_18' title="bbox 130 1789 1199 1869; baseline 0.001 -19"><span class='ocrx_word' id='word_1_143' title='bbox 130 1790 185 1868; x_wconf 77' lang='lat' dir='ltr'><strong>qni</strong></span> <span class='ocrx_word' id='word_1_144' title='bbox 202 1789 367 1869; x_wconf 86' lang='lat' dir='ltr'><strong>appellatur</strong></span> <span class='ocrx_word' id='word_1_145' title='bbox 382 1789 606 1852; x_wconf 82' lang='lat' dir='ltr'><strong>Chersonensus</strong></span> <span class='ocrx_word' id='word_1_146' title='bbox 628 1789 816 1868; x_wconf 86' lang='lat' dir='ltr'><strong>aquandique</strong></span> <span class='ocrx_word' id='word_1_147' title='bbox 840 1808 926 1852; x_wconf 89' lang='lat' dir='ltr'><strong>causa</strong></span> <span class='ocrx_word' id='word_1_148' title='bbox 948 1789 1074 1869; x_wconf 84' lang='lat' dir='ltr'><strong>remiges</strong></span> <span class='ocrx_word' id='word_1_149' title='bbox 1095 1791 1124 1851; x_wconf 94' lang='lat' dir='ltr'><strong>in</strong></span> <span class='ocrx_word' id='word_1_150' title='bbox 1140 1799 1199 1851; x_wconf 93' lang='lat' dir='ltr'><strong>ter·</strong></span> 
     </span>
     <span class='ocr_line' id='line_1_19' title="bbox 128 1874 1200 1954; baseline 0 -20"><span class='ocrx_word' id='word_1_151' title='bbox 128 1893 192 1936; x_wconf 86' lang='lat' dir='ltr'><strong>ram</strong></span> <span class='ocrx_word' id='word_1_152' title='bbox 213 1874 407 1953; x_wconf 83' lang='lat' dir='ltr'><strong>exposuisset,</strong></span> <span class='ocrx_word' id='word_1_153' title='bbox 430 1874 569 1947; x_wconf 79' lang='lat' dir='ltr'><strong>nonnulli</strong></span> <span class='ocrx_word' id='word_1_154' title='bbox 593 1895 629 1936; x_wconf 83' lang='lat' dir='ltr'><strong>ex</strong></span> <span class='ocrx_word' id='word_1_155' title='bbox 651 1893 686 1936; x_wconf 92' lang='lat' dir='ltr'><strong>eo</strong></span> <span class='ocrx_word' id='word_1_156' title='bbox 709 1893 845 1949; x_wconf 87' lang='lat' dir='ltr'><strong>numero,</strong></span> <span class='ocrx_word' id='word_1_157' title='bbox 868 1893 935 1936; x_wconf 90' lang='lat' dir='ltr'><strong>com</strong></span> <span class='ocrx_word' id='word_1_158' title='bbox 954 1874 1072 1954; x_wconf 85' lang='lat' dir='ltr'><strong>longius</strong></span> <span class='ocrx_word' id='word_1_159' title='bbox 1087 1893 1104 1935; x_wconf 90' lang='lat' dir='ltr'><strong>a</strong></span> <span class='ocrx_word' id='word_1_160' title='bbox 1120 1874 1200 1935; x_wconf 89' lang='lat' dir='ltr'><strong>navi-</strong></span> 
     </span>
     <span class='ocr_line' id='line_1_20' title="bbox 128 1959 1230 2046; baseline 0.001 -27"><span class='ocrx_word' id='word_1_161' title='bbox 128 1960 184 2022; x_wconf 92' lang='lat' dir='ltr'><strong>bus</strong></span> <span class='ocrx_word' id='word_1_162' title='bbox 198 1961 369 2039; x_wconf 89' lang='lat' dir='ltr'><strong>praedatum</strong></span> <span class='ocrx_word' id='word_1_163' title='bbox 387 1961 611 2039; x_wconf 82' lang='lat' dir='ltr'><strong>processissent,</strong></span> <span class='ocrx_word' id='word_1_164' title='bbox 633 1959 669 2020; x_wconf 89' lang='lat' dir='ltr'><strong>ab</strong></span> <span class='ocrx_word' id='word_1_165' title='bbox 686 1960 834 2038; x_wconf 89' lang='lat' dir='ltr'><strong>equitibus</strong></span> <span class='ocrx_word' id='word_1_166' title='bbox 848 1960 976 2021; x_wconf 92' lang='lat' dir='ltr'><strong>hostium</strong></span> <span class='ocrx_word' id='word_1_167' title='bbox 992 1971 1062 2022; x_wconf 86' lang='lat' dir='ltr'><strong>sunt</strong></span> <span class='ocrx_word' id='word_1_168' title='bbox 1077 1959 1230 2046; x_wconf 51' lang='lat' dir='ltr'><strong>exceptip</strong></span> 
     </span>
     <span class='ocr_line' id='line_1_21' title="bbox 128 2045 1235 2125; baseline 0.001 -21"><span class='ocrx_word' id='word_1_169' title='bbox 128 2045 172 2106; x_wconf 81' lang='lat' dir='ltr'><strong>Ex</strong></span> <span class='ocrx_word' id='word_1_170' title='bbox 193 2045 238 2106; x_wconf 91' lang='lat' dir='ltr'><strong>his</strong></span> <span class='ocrx_word' id='word_1_171' title='bbox 260 2055 466 2125; x_wconf 85' lang='lat' dir='ltr'><strong>cognoverunt</strong></span> <span class='ocrx_word' id='word_1_172' title='bbox 480 2045 632 2108; x_wconf 85' lang='lat' dir='ltr'><strong>Caesarem</strong></span> <span class='ocrx_word' id='word_1_173' title='bbox 655 2046 751 2124; x_wconf 90' lang='lat' dir='ltr'><strong>ipsum</strong></span> <span class='ocrx_word' id='word_1_174' title='bbox 770 2046 800 2106; x_wconf 92' lang='lat' dir='ltr'><strong>in</strong></span> <span class='ocrx_word' id='word_1_175' title='bbox 817 2045 908 2106; x_wconf 89' lang='lat' dir='ltr'><strong>classe</strong></span> <span class='ocrx_word' id='word_1_176' title='bbox 923 2045 1037 2106; x_wconf 88' lang='lat' dir='ltr'><strong>venisse</strong></span> <span class='ocrx_word' id='word_1_177' title='bbox 1053 2063 1109 2106; x_wconf 90' lang='lat' dir='ltr'><strong>nec</strong></span> <span class='ocrx_word' id='word_1_178' title='bbox 1125 2045 1200 2106; x_wconf 92' lang='lat' dir='ltr'><strong>ullos</strong></span> <span class='ocrx_word' id='word_1_179' title='bbox 1221 2055 1235 2105; x_wconf 84' lang='grc'>3</span> 
     </span>
     <span class='ocr_line' id='line_1_22' title="bbox 127 2128 1200 2209; baseline -0.002 -17"><span class='ocrx_word' id='word_1_180' title='bbox 127 2131 233 2192; x_wconf 91' lang='lat' dir='ltr'><strong>milites</strong></span> <span class='ocrx_word' id='word_1_181' title='bbox 260 2131 291 2191; x_wconf 93' lang='lat' dir='ltr'><strong>in</strong></span> <span class='ocrx_word' id='word_1_182' title='bbox 322 2130 445 2192; x_wconf 89' lang='lat' dir='ltr'><strong>navibus</strong></span> <span class='ocrx_word' id='word_1_183' title='bbox 473 2129 593 2190; x_wconf 91' lang='lat' dir='ltr'><strong>habere.</strong></span> <span class='ocrx_word' id='word_1_184' title='bbox 646 2130 710 2201; x_wconf 84' lang='lat' dir='ltr'><strong>Qua</strong></span> <span class='ocrx_word' id='word_1_185' title='bbox 739 2148 771 2190; x_wconf 89' lang='lat' dir='ltr'><strong>re</strong></span> <span class='ocrx_word' id='word_1_186' title='bbox 801 2139 950 2209; x_wconf 88' lang='lat' dir='ltr'><strong>comperta</strong></span> <span class='ocrx_word' id='word_1_187' title='bbox 978 2147 1113 2208; x_wconf 82' lang='lat' dir='ltr'><strong>magnam</strong></span> <span class='ocrx_word' id='word_1_188' title='bbox 1144 2128 1200 2190; x_wconf 92' lang='lat' dir='ltr'><strong>sihi</strong></span> 
     </span>
    </p>
   </div>
   <div class='ocr_carea' id='block_1_3' title="bbox 127 2309 1201 2514">
    <p class='ocr_par' dir='ltr' id='par_1_3' title="bbox 127 2309 1201 2514">
     <span class='ocr_line' id='line_1_23' title="bbox 140 2309 1201 2387; baseline 0 -21"><span class='ocrx_word' id='word_1_189' title='bbox 140 2315 142 2320; x_wconf 78' lang='grc'><strong>“</strong></span> <span class='ocrx_word' id='word_1_190' title='bbox 213 2314 240 2378; x_wconf 77' lang='lat' dir='ltr'><strong>b,</strong></span> <span class='ocrx_word' id='word_1_191' title='bbox 253 2317 277 2366; x_wconf 83' lang='grc'><strong>3.</strong></span> <span class='ocrx_word' id='word_1_192' title='bbox 297 2316 396 2379; x_wconf 83' lang='lat' dir='ltr'><strong>[supra]</strong></span> <span class='ocrx_word' id='word_1_193' title='bbox 414 2311 650 2364; x_wconf 72' lang='lat' dir='ltr'><strong>Ateeandnamr</strong></span> <span class='ocrx_word' id='word_1_194' title='bbox 703 2317 727 2366; x_wconf 84' lang='lat'><strong>4.</strong></span> <span class='ocrx_word' id='word_1_195' title='bbox 739 2309 1079 2387; x_wconf 66' lang='lat' dir='ltr'><strong>enehorosst‘constenter&#39;</strong></span> <span class='ocrx_word' id='word_1_196' title='bbox 1098 2312 1201 2367; x_wconf 74' lang='lat' dir='ltr'><strong>nonno</strong></span> 
     </span>
     <span class='ocr_line' id='line_1_24' title="bbox 213 2379 1200 2454; baseline 0 -20"><span class='ocrx_word' id='word_1_197' title='bbox 213 2383 292 2444; x_wconf 83' lang='lat' dir='ltr'><strong>1o,1.</strong></span> <span class='ocrx_word' id='word_1_198' title='bbox 316 2381 420 2432; x_wconf 81' lang='lat' dir='ltr'><strong>nndore</strong></span> <span class='ocrx_word' id='word_1_199' title='bbox 437 2379 482 2431; x_wconf 76' lang='lat' dir='ltr'><strong>&#39;l&#39;V</strong></span> <span class='ocrx_word' id='word_1_200' title='bbox 569 2383 592 2434; x_wconf 81' lang='grc'><strong>2.</strong></span> <span class='ocrx_word' id='word_1_201' title='bbox 611 2385 780 2433; x_wconf 74' lang='lat' dir='ltr'><strong>accessissent</strong></span> <span class='ocrx_word' id='word_1_202' title='bbox 795 2382 847 2434; x_wconf 89' lang='lat' dir='ltr'><strong>und</strong></span> <span class='ocrx_word' id='word_1_203' title='bbox 865 2385 1050 2450; x_wconf 76' lang='lat' dir='ltr'><strong>enpomtiseent</strong></span> <span class='ocrx_word' id='word_1_204' title='bbox 1067 2386 1095 2454; x_wconf 79' lang='grc' dir='ltr'><strong>β,</strong></span> <span class='ocrx_word' id='word_1_205' title='bbox 1114 2399 1200 2436; x_wconf 87' lang='lat' dir='ltr'><strong>acces·</strong></span> 
     </span>
     <span class='ocr_line' id='line_1_25' title="bbox 127 2448 547 2514; baseline 0.002 -15"><span class='ocrx_word' id='word_1_206' title='bbox 127 2453 203 2499; x_wconf 84' lang='lat' dir='ltr'><strong>sisset</strong></span> <span class='ocrx_word' id='word_1_207' title='bbox 219 2449 271 2500; x_wconf 91' lang='lat' dir='ltr'><strong>und</strong></span> <span class='ocrx_word' id='word_1_208' title='bbox 288 2452 451 2514; x_wconf 76' lang='lat' dir='ltr'><strong>exposuisset</strong></span> <span class='ocrx_word' id='word_1_209' title='bbox 467 2448 547 2500; x_wconf 79' lang='lat' dir='ltr'><strong>Aldus</strong></span> 
     </span>
    </p>
   </div>
   <div class='ocr_carea' id='block_1_4' title="bbox 125 2601 1203 3554">
    <p class='ocr_par' dir='ltr' id='par_1_4' title="bbox 127 2601 1203 2866">
     <span class='ocr_line' id='line_1_26' title="bbox 164 2601 1200 2670; baseline 0.001 -14"><span class='ocrx_word' id='word_1_210' title='bbox 164 2601 215 2664; x_wconf 87' lang='grc'><strong>9,1</strong></span> <span class='ocrx_word' id='word_1_211' title='bbox 235 2605 353 2652; x_wconf 80' lang='lat' dir='ltr'><strong>animum</strong></span> <span class='ocrx_word' id='word_1_212' title='bbox 366 2601 507 2663; x_wconf 77' lang='lat' dir='ltr'><strong>conferant</strong></span> <span class='ocrx_word' id='word_1_213' title='bbox 518 2603 569 2670; x_wconf 81' lang='lat' dir='ltr'><strong>vgl.</strong></span> <span class='ocrx_word' id='word_1_214' title='bbox 582 2601 639 2655; x_wconf 84' lang='lat' dir='ltr'><strong>Ter.</strong></span> <span class='ocrx_word' id='word_1_215' title='bbox 690 2602 795 2654; x_wconf 85' lang='lat' dir='ltr'><strong>xendria</strong></span> <span class='ocrx_word' id='word_1_216' title='bbox 818 2602 918 2668; x_wconf 89' lang='lat' dir='ltr'><strong>hinaus,</strong></span> <span class='ocrx_word' id='word_1_217' title='bbox 935 2602 987 2668; x_wconf 77' lang='lat' dir='ltr'><strong>agl.</strong></span> <span class='ocrx_word' id='word_1_218' title='bbox 1006 2603 1104 2656; x_wconf 90' lang='lat' dir='ltr'><strong>Plinius</strong></span> <span class='ocrx_word' id='word_1_219' title='bbox 1128 2603 1159 2656; x_wconf 91' lang='lat' dir='ltr'><strong>N.</strong></span> <span class='ocrx_word' id='word_1_220' title='bbox 1172 2603 1200 2658; x_wconf 87' lang='lat' dir='ltr'><strong>ll.</strong></span> 
     </span>
     <span class='ocr_line' id='line_1_27' title="bbox 129 2667 1203 2738; baseline 0.004 -18"><span class='ocrx_word' id='word_1_221' title='bbox 129 2667 219 2722; x_wconf 83' lang='lat' dir='ltr'><strong>licant.</strong></span> <span class='ocrx_word' id='word_1_222' title='bbox 238 2671 287 2722; x_wconf 83' lang='grc'><strong>390</strong></span> <span class='ocrx_word' id='word_1_223' title='bbox 305 2669 376 2722; x_wconf 87' lang='lat' dir='ltr'><strong>Hae&#39;c</strong></span> <span class='ocrx_word' id='word_1_224' title='bbox 398 2671 505 2736; x_wconf 75' lang='lat' dir='ltr'><strong>(forma)</strong></span> <span class='ocrx_word' id='word_1_225' title='bbox 528 2675 576 2722; x_wconf 83' lang='lat' dir='ltr'><strong>nbi</strong></span> <span class='ocrx_word' id='word_1_226' title='bbox 591 2675 641 2722; x_wconf 86' lang='lat' dir='ltr'><strong>im·</strong></span> <span class='ocrx_word' id='word_1_227' title='bbox 690 2671 744 2738; x_wconf 65' lang='lat'><strong>115</strong></span> <span class='ocrx_word' id='word_1_228' title='bbox 763 2673 810 2724; x_wconf 87' lang='grc'><strong>183</strong></span> <span class='ocrx_word' id='word_1_229' title='bbox 828 2673 858 2721; x_wconf 86' lang='lat' dir='ltr'><strong>in</strong></span> <span class='ocrx_word' id='word_1_230' title='bbox 883 2669 968 2737; x_wconf 80' lang='lat' dir='ltr'><strong>Syene</strong></span> <span class='ocrx_word' id='word_1_231' title='bbox 992 2673 1106 2737; x_wconf 85' lang='lat' dir='ltr'><strong>oppido,</strong></span> <span class='ocrx_word' id='word_1_232' title='bbox 1131 2673 1203 2738; x_wconf 85' lang='lat' dir='ltr'><strong>qnod</strong></span> 
     </span>
     <span class='ocr_line' id='line_1_28' title="bbox 128 2737 1202 2806; baseline 0.003 -18"><span class='ocrx_word' id='word_1_233' title='bbox 128 2737 266 2800; x_wconf 77' lang='lat' dir='ltr'><strong>minritast,</strong></span> <span class='ocrx_word' id='word_1_234' title='bbox 288 2739 332 2789; x_wconf 77' lang='lat' dir='ltr'><strong>itte·</strong></span> <span class='ocrx_word' id='word_1_235' title='bbox 347 2739 423 2792; x_wconf 73' lang='lat' dir='ltr'><strong>salom</strong></span> <span class='ocrx_word' id='word_1_236' title='bbox 440 2745 558 2792; x_wconf 76' lang='lat' dir='ltr'><strong>animum</strong></span> <span class='ocrx_word' id='word_1_237' title='bbox 584 2740 639 2792; x_wconf 86' lang='lat' dir='ltr'><strong>alt&#39;o</strong></span> <span class='ocrx_word' id='word_1_238' title='bbox 691 2745 730 2790; x_wconf 84' lang='lat' dir='ltr'><strong>est</strong></span> <span class='ocrx_word' id='word_1_239' title='bbox 753 2755 837 2804; x_wconf 80' lang='lat' dir='ltr'><strong>supra</strong></span> <span class='ocrx_word' id='word_1_240' title='bbox 862 2739 1059 2790; x_wconf 80' lang='lat' dir='ltr'><strong>Alcnondriam</strong></span> <span class='ocrx_word' id='word_1_241' title='bbox 1085 2745 1202 2806; x_wconf 77' lang='lat' dir='ltr'><strong>quinque</strong></span> 
     </span>
     <span class='ocr_line' id='line_1_29' title="bbox 127 2805 1201 2866; baseline 0.002 -8"><span class='ocrx_word' id='word_1_242' title='bbox 127 2805 279 2866; x_wconf 73' lang='lat' dir='ltr'><strong>censerunt.</strong></span> <span class='ocrx_word' id='word_1_243' title='bbox 690 2808 797 2858; x_wconf 81' lang='lat' dir='ltr'><strong>milibus</strong></span> <span class='ocrx_word' id='word_1_244' title='bbox 814 2807 939 2860; x_wconf 82' lang='lat' dir='ltr'><strong>stadium.</strong></span> <span class='ocrx_word' id='word_1_245' title='bbox 975 2807 1037 2858; x_wconf 84' lang='lat' dir='ltr'><strong>Eine</strong></span> <span class='ocrx_word' id='word_1_246' title='bbox 1055 2808 1201 2860; x_wconf 87' lang='lat' dir='ltr'><strong>bestimmte</strong></span> 
     </span>
    </p>

    <p class='ocr_par' dir='ltr' id='par_1_5' title="bbox 125 2873 1202 3348">
     <span class='ocr_line' id='line_1_30' title="bbox 163 2873 1202 2940; baseline 0.001 -14"><span class='ocrx_word' id='word_1_247' title='bbox 163 2876 187 2926; x_wconf 82' lang='lat'><strong>2.</strong></span> <span class='ocrx_word' id='word_1_248' title='bbox 207 2873 255 2926; x_wconf 83' lang='lat' dir='ltr'><strong>ller</strong></span> <span class='ocrx_word' id='word_1_249' title='bbox 266 2873 354 2940; x_wconf 84' lang='lat' dir='ltr'><strong>Eriolg</strong></span> <span class='ocrx_word' id='word_1_250' title='bbox 372 2874 455 2926; x_wconf 87' lang='lat' dir='ltr'><strong>dieser</strong></span> <span class='ocrx_word' id='word_1_251' title='bbox 467 2873 588 2940; x_wconf 80' lang='lat' dir='ltr'><strong>Bohrung</strong></span> <span class='ocrx_word' id='word_1_252' title='bbox 605 2875 639 2926; x_wconf 89' lang='lat' dir='ltr'><strong>ist</strong></span> <span class='ocrx_word' id='word_1_253' title='bbox 690 2874 1202 2940; x_wconf 78' lang='lat' dir='ltr'><strong>Himmelsrichtnngwirddadurchnicht</strong></span> 
     </span>
     <span class='ocr_line' id='line_1_31' title="bbox 128 2940 1202 3008; baseline 0.001 -14"><span class='ocrx_word' id='word_1_254' title='bbox 128 2940 280 3006; x_wconf 82' lang='lat' dir='ltr'><strong>cassellend,</strong></span> <span class='ocrx_word' id='word_1_255' title='bbox 304 2942 335 2992; x_wconf 89' lang='lat' dir='ltr'><strong>da</strong></span> <span class='ocrx_word' id='word_1_256' title='bbox 360 2957 387 2994; x_wconf 90' lang='lat' dir='ltr'><strong>es</strong></span> <span class='ocrx_word' id='word_1_257' title='bbox 412 2943 451 2994; x_wconf 91' lang='lat' dir='ltr'><strong>bis</strong></span> <span class='ocrx_word' id='word_1_258' title='bbox 469 2942 545 2994; x_wconf 87' lang='lat' dir='ltr'><strong>dahin</strong></span> <span class='ocrx_word' id='word_1_259' title='bbox 563 2941 639 2996; x_wconf 82' lang='lat' dir='ltr'><strong>lreine</strong></span> <span class='ocrx_word' id='word_1_260' title='bbox 690 2943 850 3003; x_wconf 70' lang='lat' dir='ltr'><strong>bezeichnen</strong></span> <span class='ocrx_word' id='word_1_261' title='bbox 869 2941 924 2994; x_wconf 83' lang='lat' dir='ltr'><strong>hier</strong></span> <span class='ocrx_word' id='word_1_262' title='bbox 935 2943 969 2994; x_wconf 89' lang='lat' dir='ltr'><strong>ist</strong></span> <span class='ocrx_word' id='word_1_263' title='bbox 981 2941 1025 2993; x_wconf 88' lang='lat' dir='ltr'><strong>der</strong></span> <span class='ocrx_word' id='word_1_264' title='bbox 1038 2941 1143 2994; x_wconf 89' lang='lat' dir='ltr'><strong>Westen</strong></span> <span class='ocrx_word' id='word_1_265' title='bbox 1159 2957 1202 3008; x_wconf 83' lang='lat' dir='ltr'><strong>ge·</strong></span> 
     </span>
     <span class='ocr_line' id='line_1_32' title="bbox 128 3007 1200 3076; baseline 0.001 -14"><span class='ocrx_word' id='word_1_266' title='bbox 128 3009 219 3070; x_wconf 86' lang='lat' dir='ltr'><strong>Quelle</strong></span> <span class='ocrx_word' id='word_1_267' title='bbox 237 3011 262 3060; x_wconf 92' lang='lat' dir='ltr'><strong>in</strong></span> <span class='ocrx_word' id='word_1_268' title='bbox 281 3008 326 3061; x_wconf 83' lang='lat' dir='ltr'><strong>der</strong></span> <span class='ocrx_word' id='word_1_269' title='bbox 344 3007 418 3062; x_wconf 86' lang='lat' dir='ltr'><strong>Stadt</strong></span> <span class='ocrx_word' id='word_1_270' title='bbox 437 3011 551 3076; x_wconf 78' lang='lat' dir='ltr'><strong>gegeben</strong></span> <span class='ocrx_word' id='word_1_271' title='bbox 568 3012 638 3062; x_wconf 85' lang='lat' dir='ltr'><strong>hatte</strong></span> <span class='ocrx_word' id='word_1_272' title='bbox 690 3012 783 3076; x_wconf 85' lang='lat' dir='ltr'><strong>meiat,</strong></span> <span class='ocrx_word' id='word_1_273' title='bbox 810 3011 841 3062; x_wconf 87' lang='lat' dir='ltr'><strong>da</strong></span> <span class='ocrx_word' id='word_1_274' title='bbox 867 3010 907 3061; x_wconf 89' lang='lat' dir='ltr'><strong>die</strong></span> <span class='ocrx_word' id='word_1_275' title='bbox 930 3009 1024 3062; x_wconf 86' lang='lat' dir='ltr'><strong>Schiffe</strong></span> <span class='ocrx_word' id='word_1_276' title='bbox 1048 3009 1127 3062; x_wconf 90' lang='lat' dir='ltr'><strong>durch</strong></span> <span class='ocrx_word' id='word_1_277' title='bbox 1152 3010 1200 3063; x_wconf 87' lang='lat' dir='ltr'><strong>den</strong></span> 
     </span>
     <span class='ocr_line' id='line_1_33' title="bbox 126 3077 1201 3145; baseline 0 -15"><span class='ocrx_word' id='word_1_278' title='bbox 126 3082 189 3144; x_wconf 77' lang='lat'><strong>(5,3</strong></span> <span class='ocrx_word' id='word_1_279' title='bbox 213 3079 286 3145; x_wconf 84' lang='lat' dir='ltr'><strong>qnod</strong></span> <span class='ocrx_word' id='word_1_280' title='bbox 305 3078 368 3140; x_wconf 78' lang='lat' dir='ltr'><strong>fons</strong></span> <span class='ocrx_word' id='word_1_281' title='bbox 386 3081 452 3130; x_wconf 83' lang='lat' dir='ltr'><strong>urbe</strong></span> <span class='ocrx_word' id='word_1_282' title='bbox 476 3083 532 3129; x_wconf 85' lang='lat' dir='ltr'><strong>toto</strong></span> <span class='ocrx_word' id='word_1_283' title='bbox 550 3080 640 3130; x_wconf 85' lang='lat' dir='ltr'><strong>nullus</strong></span> <span class='ocrx_word' id='word_1_284' title='bbox 691 3077 858 3132; x_wconf 78' lang='lat' dir='ltr'><strong>Sudostwind</strong></span> <span class='ocrx_word' id='word_1_285' title='bbox 875 3080 960 3142; x_wconf 79' lang='lat' dir='ltr'><strong>(enno)</strong></span> <span class='ocrx_word' id='word_1_286' title='bbox 977 3078 1124 3131; x_wconf 83' lang='lat' dir='ltr'><strong>verhindert</strong></span> <span class='ocrx_word' id='word_1_287' title='bbox 1137 3094 1201 3132; x_wconf 88' lang='lat' dir='ltr'><strong>wer·</strong></span> 
     </span>
     <span class='ocr_line' id='line_1_34' title="bbox 125 3145 1200 3214; baseline 0.003 -15"><span class='ocrx_word' id='word_1_288' title='bbox 125 3151 189 3214; x_wconf 83' lang='lat' dir='ltr'><strong>est),</strong></span> <span class='ocrx_word' id='word_1_289' title='bbox 213 3147 265 3199; x_wconf 88' lang='lat' dir='ltr'><strong>und</strong></span> <span class='ocrx_word' id='word_1_290' title='bbox 288 3146 443 3212; x_wconf 82' lang='lat' dir='ltr'><strong>hentzntage</strong></span> <span class='ocrx_word' id='word_1_291' title='bbox 467 3146 512 3198; x_wconf 87' lang='lat' dir='ltr'><strong>des</strong></span> <span class='ocrx_word' id='word_1_292' title='bbox 538 3147 640 3202; x_wconf 83' lang='lat' dir='ltr'><strong>Wesser</strong></span> <span class='ocrx_word' id='word_1_293' title='bbox 690 3148 747 3211; x_wconf 85' lang='lat' dir='ltr'><strong>den,</strong></span> <span class='ocrx_word' id='word_1_294' title='bbox 765 3148 790 3198; x_wconf 90' lang='lat' dir='ltr'><strong>in</strong></span> <span class='ocrx_word' id='word_1_295' title='bbox 810 3147 858 3198; x_wconf 89' lang='lat' dir='ltr'><strong>den</strong></span> <span class='ocrx_word' id='word_1_296' title='bbox 877 3145 957 3198; x_wconf 86' lang='lat' dir='ltr'><strong>llefen</strong></span> <span class='ocrx_word' id='word_1_297' title='bbox 978 3163 1029 3198; x_wconf 88' lang='lat' dir='ltr'><strong>von</strong></span> <span class='ocrx_word' id='word_1_298' title='bbox 1047 3147 1200 3202; x_wconf 76' lang='lat' dir='ltr'><strong>Alexandria</strong></span> 
     </span>
     <span class='ocr_line' id='line_1_35' title="bbox 127 3213 859 3280; baseline -0.001 -14"><span class='ocrx_word' id='word_1_299' title='bbox 127 3231 174 3268; x_wconf 87' lang='lat' dir='ltr'><strong>nur</strong></span> <span class='ocrx_word' id='word_1_300' title='bbox 197 3214 275 3268; x_wconf 87' lang='lat' dir='ltr'><strong>durch</strong></span> <span class='ocrx_word' id='word_1_301' title='bbox 301 3215 342 3267; x_wconf 87' lang='lat' dir='ltr'><strong>die</strong></span> <span class='ocrx_word' id='word_1_302' title='bbox 360 3215 500 3280; x_wconf 78' lang='lat' dir='ltr'><strong>Leitungen</strong></span> <span class='ocrx_word' id='word_1_303' title='bbox 524 3213 576 3266; x_wconf 92' lang='lat' dir='ltr'><strong>und</strong></span> <span class='ocrx_word' id='word_1_304' title='bbox 598 3215 639 3267; x_wconf 88' lang='lat' dir='ltr'><strong>die</strong></span> <span class='ocrx_word' id='word_1_305' title='bbox 690 3215 859 3268; x_wconf 87' lang='lat' dir='ltr'><strong>einznlaulen.</strong></span> 
     </span>
     <span class='ocr_line' id='line_1_36' title="bbox 125 3282 1201 3348; baseline 0 -14"><span class='ocrx_word' id='word_1_306' title='bbox 125 3283 260 3336; x_wconf 82' lang='lat' dir='ltr'><strong>Cisternen</strong></span> <span class='ocrx_word' id='word_1_307' title='bbox 278 3283 403 3334; x_wconf 82' lang='lat' dir='ltr'><strong>boschellt</strong></span> <span class='ocrx_word' id='word_1_308' title='bbox 422 3283 493 3335; x_wconf 87' lang='lat' dir='ltr'><strong>wird.</strong></span> <span class='ocrx_word' id='word_1_309' title='bbox 723 3283 795 3346; x_wconf 83' lang='lat'><strong>10,2</strong></span> <span class='ocrx_word' id='word_1_310' title='bbox 819 3283 1013 3334; x_wconf 81' lang='lat' dir='ltr'><strong>Chersonensus</strong></span> <span class='ocrx_word' id='word_1_311' title='bbox 1037 3284 1138 3348; x_wconf 76' lang='lat' dir='ltr'><strong>(weges</strong></span> <span class='ocrx_word' id='word_1_312' title='bbox 1157 3282 1201 3334; x_wconf 88' lang='lat' dir='ltr'><strong>der</strong></span> 
     </span>
    </p>

    <p class='ocr_par' dir='ltr' id='par_1_6' title="bbox 126 3349 1200 3554">
     <span class='ocr_line' id='line_1_37' title="bbox 161 3349 1200 3418; baseline 0.002 -16"><span class='ocrx_word' id='word_1_313' title='bbox 161 3367 216 3403; x_wconf 92' lang='lat' dir='ltr'><strong>non</strong></span> <span class='ocrx_word' id='word_1_314' title='bbox 234 3352 309 3418; x_wconf 82' lang='lat' dir='ltr'><strong>longi</strong></span> <span class='ocrx_word' id='word_1_315' title='bbox 326 3375 358 3394; x_wconf 89' lang='lat'><em>=</em></span> <span class='ocrx_word' id='word_1_316' title='bbox 378 3353 469 3404; x_wconf 73' lang='lat' dir='ltr'><strong>braun.</strong></span> <span class='ocrx_word' id='word_1_317' title='bbox 504 3351 552 3404; x_wconf 86' lang='lat' dir='ltr'><strong>ber</strong></span> <span class='ocrx_word' id='word_1_318' title='bbox 571 3351 638 3404; x_wconf 82' lang='lat' dir='ltr'><strong>Veri.</strong></span> <span class='ocrx_word' id='word_1_319' title='bbox 691 3351 850 3416; x_wconf 75' lang='lat' dir='ltr'><strong>Schneibnng</strong></span> <span class='ocrx_word' id='word_1_320' title='bbox 867 3349 919 3415; x_wconf 79' lang='lat' dir='ltr'><strong>vgl.</strong></span> <span class='ocrx_word' id='word_1_321' title='bbox 932 3349 1095 3402; x_wconf 80' lang='lat' dir='ltr'><strong>Fleckeisens</strong></span> <span class='ocrx_word' id='word_1_322' title='bbox 1113 3350 1200 3404; x_wconf 86' lang='lat' dir='ltr'><strong>Jahrb.</strong></span> 
     </span>
     <span class='ocr_line' id='line_1_38' title="bbox 126 3417 1200 3484; baseline 0 -14"><span class='ocrx_word' id='word_1_323' title='bbox 126 3419 174 3470; x_wconf 88' lang='lat' dir='ltr'><strong>des</strong></span> <span class='ocrx_word' id='word_1_324' title='bbox 198 3418 226 3473; x_wconf 88' lang='lat' dir='ltr'><strong>B.</strong></span> <span class='ocrx_word' id='word_1_325' title='bbox 250 3421 322 3472; x_wconf 83' lang='lat' dir='ltr'><strong>Alex.</strong></span> <span class='ocrx_word' id='word_1_326' title='bbox 354 3419 458 3472; x_wconf 84' lang='lat' dir='ltr'><strong>wendet</strong></span> <span class='ocrx_word' id='word_1_327' title='bbox 480 3418 551 3472; x_wconf 85' lang='lat' dir='ltr'><strong>disse</strong></span> <span class='ocrx_word' id='word_1_328' title='bbox 574 3418 638 3472; x_wconf 81' lang='lat' dir='ltr'><strong>hus·</strong></span> <span class='ocrx_word' id='word_1_329' title='bbox 690 3417 1018 3481; x_wconf 74' lang='lat' dir='ltr'><strong>farphi101.1ea,s.a·15)</strong></span> <span class='ocrx_word' id='word_1_330' title='bbox 1033 3421 1053 3484; x_wconf 88' lang='lat' dir='ltr'><strong>j.</strong></span> <span class='ocrx_word' id='word_1_331' title='bbox 1067 3418 1111 3470; x_wconf 89' lang='lat' dir='ltr'><strong>der</strong></span> <span class='ocrx_word' id='word_1_332' title='bbox 1123 3417 1200 3470; x_wconf 81' lang='lat' dir='ltr'><strong>Tarm</strong></span> 
     </span>
     <span class='ocr_line' id='line_1_39' title="bbox 127 3485 1200 3554; baseline 0.001 -17"><span class='ocrx_word' id='word_1_333' title='bbox 127 3487 301 3539; x_wconf 78' lang='lat' dir='ltr'><strong>druclrsweiee</strong></span> <span class='ocrx_word' id='word_1_334' title='bbox 314 3501 376 3554; x_wconf 78' lang='lat' dir='ltr'><strong>gem</strong></span> <span class='ocrx_word' id='word_1_335' title='bbox 389 3503 429 3551; x_wconf 90' lang='lat' dir='ltr'><strong>en,</strong></span> <span class='ocrx_word' id='word_1_336' title='bbox 441 3487 493 3553; x_wconf 81' lang='lat' dir='ltr'><strong>vgl.</strong></span> <span class='ocrx_word' id='word_1_337' title='bbox 506 3492 546 3554; x_wconf 81' lang='lat' dir='ltr'><strong>ll,</strong></span> <span class='ocrx_word' id='word_1_338' title='bbox 556 3492 572 3541; x_wconf 85' lang='lat'>4</span> <span class='ocrx_word' id='word_1_339' title='bbox 583 3503 639 3540; x_wconf 88' lang='lat' dir='ltr'><strong>non</strong></span> <span class='ocrx_word' id='word_1_340' title='bbox 689 3503 740 3540; x_wconf 82' lang='lat' dir='ltr'><strong>ron</strong></span> <span class='ocrx_word' id='word_1_341' title='bbox 751 3486 864 3550; x_wconf 84' lang='lat' dir='ltr'><strong>Marebu,</strong></span> <span class='ocrx_word' id='word_1_342' title='bbox 882 3501 902 3536; x_wconf 92' lang='lat' dir='ltr'><strong>s.</strong></span> <span class='ocrx_word' id='word_1_343' title='bbox 922 3485 1011 3548; x_wconf 75' lang='lat' dir='ltr'><strong>Stollel</strong></span> <span class='ocrx_word' id='word_1_344' title='bbox 1030 3487 1064 3554; x_wconf 89' lang='lat' dir='ltr'><strong>pl.</strong></span> <span class='ocrx_word' id='word_1_345' title='bbox 1080 3488 1119 3539; x_wconf 79' lang='lat'><strong>18.</strong></span> <span class='ocrx_word' id='word_1_346' title='bbox 1143 3485 1200 3552; x_wconf 78' lang='lat' dir='ltr'><strong>Vgl.</strong></span> 
     </span>
    </p>
   </div>
   <div class='ocr_carea' id='block_1_5' title="bbox 127 3546 1201 3963">
    <p class='ocr_par' dir='ltr' id='par_1_7' title="bbox 127 3546 1200 3642">
     <span class='ocr_line' id='line_1_40' title="bbox 127 3546 1200 3642; baseline 0 -38"><span class='ocrx_word' id='word_1_347' title='bbox 127 3553 220 3615; x_wconf 77' lang='lat' dir='ltr'><strong>facilis</strong></span> <span class='ocrx_word' id='word_1_348' title='bbox 231 3559 330 3606; x_wconf 77' lang='lat' dir='ltr'><strong>nostris</strong></span> <span class='ocrx_word' id='word_1_349' title='bbox 345 3557 436 3606; x_wconf 81' lang='lat' dir='ltr'><strong>aditus</strong></span> <span class='ocrx_word' id='word_1_350' title='bbox 450 3556 576 3616; x_wconf 64' lang='lat' dir='ltr'><strong>elebatum</strong></span> <span class='ocrx_word' id='word_1_351' title='bbox 596 3559 637 3619; x_wconf 86' lang='grc'><strong>30,</strong></span> <span class='ocrx_word' id='word_1_352' title='bbox 688 3555 764 3608; x_wconf 87' lang='lat' dir='ltr'><strong>Strab</strong></span> <span class='ocrx_word' id='word_1_353' title='bbox 775 3571 816 3622; x_wconf 94' lang='lat' dir='ltr'><strong>op.</strong></span> <span class='ocrx_word' id='word_1_354' title='bbox 828 3551 1053 3642; x_wconf 74' lang='lat' dir='ltr'><strong>799Xepp6vpoos</strong></span> <span class='ocrx_word' id='word_1_355' title='bbox 1083 3546 1200 3622; x_wconf 76' lang='grc' dir='ltr'><strong><em>ροὺριον,</em></strong></span> 
     </span>
    </p>

    <p class='ocr_par' dir='ltr' id='par_1_8' title="bbox 128 3619 1201 3691">
     <span class='ocr_line' id='line_1_41' title="bbox 128 3619 1201 3691; baseline -0.002 -17"><span class='ocrx_word' id='word_1_356' title='bbox 128 3625 145 3674; x_wconf 84' lang='grc'><strong>2</strong></span> <span class='ocrx_word' id='word_1_357' title='bbox 169 3639 224 3673; x_wconf 89' lang='lat' dir='ltr'><strong>non</strong></span> <span class='ocrx_word' id='word_1_358' title='bbox 244 3638 342 3688; x_wconf 80' lang='lat' dir='ltr'><strong>magno</strong></span> <span class='ocrx_word' id='word_1_359' title='bbox 366 3624 510 3675; x_wconf 69' lang='lat' dir='ltr'><strong>inimonllo</strong></span> <span class='ocrx_word' id='word_1_360' title='bbox 527 3625 636 3686; x_wconf 77' lang='lat' dir='ltr'><strong>relicto;</strong></span> <span class='ocrx_word' id='word_1_361' title='bbox 688 3621 806 3690; x_wconf 70' lang='lat' dir='ltr'><strong>minolon</strong></span> <span class='ocrx_word' id='word_1_362' title='bbox 822 3619 873 3688; x_wconf 78' lang='grc' dir='ltr'><strong>ἤδη</strong></span> <span class='ocrx_word' id='word_1_363' title='bbox 885 3623 931 3684; x_wconf 74' lang='grc' dir='ltr'><strong>τῆς</strong></span> <span class='ocrx_word' id='word_1_364' title='bbox 944 3619 1053 3684; x_wconf 75' lang='grc' dir='ltr'><strong><em>Αλεξαν</em></strong></span> <span class='ocrx_word' id='word_1_365' title='bbox 1072 3624 1201 3691; x_wconf 73' lang='lat' dir='ltr'><strong>petessant</strong></span> 
     </span>
    </p>

    <p class='ocr_par' dir='ltr' id='par_1_9' title="bbox 127 3685 1200 3826">
     <span class='ocr_line' id='line_1_42' title="bbox 127 3685 1200 3760; baseline -0.002 -18"><span class='ocrx_word' id='word_1_366' title='bbox 127 3691 198 3752; x_wconf 72' lang='lat' dir='ltr'><strong>42,ss</strong></span> <span class='ocrx_word' id='word_1_367' title='bbox 216 3707 270 3742; x_wconf 90' lang='lat' dir='ltr'><strong>non</strong></span> <span class='ocrx_word' id='word_1_368' title='bbox 286 3695 392 3756; x_wconf 82' lang='lat' dir='ltr'><strong>magnis</strong></span> <span class='ocrx_word' id='word_1_369' title='bbox 409 3695 500 3758; x_wconf 82' lang='lat' dir='ltr'><strong>copiis.</strong></span> <span class='ocrx_word' id='word_1_370' title='bbox 688 3692 735 3756; x_wconf 76' lang='grc' dir='ltr'><strong>τῆς</strong></span> <span class='ocrx_word' id='word_1_371' title='bbox 751 3687 944 3760; x_wconf 63' lang='grc' dir='ltr'><strong><em>Νεκροπόλεωπ</em></strong></span> <span class='ocrx_word' id='word_1_372' title='bbox 962 3691 992 3740; x_wconf 73' lang='lat' dir='ltr'><strong>en</strong></span> <span class='ocrx_word' id='word_1_373' title='bbox 1015 3685 1200 3756; x_wconf 70' lang='grc' dir='ltr'><strong><em>ἑβδομήκοντα</em></strong></span> 
     </span>
     <span class='ocr_line' id='line_1_43' title="bbox 164 3755 986 3826; baseline -0.004 -15"><span class='ocrx_word' id='word_1_374' title='bbox 164 3761 187 3811; x_wconf 88' lang='grc'><strong>3.</strong></span> <span class='ocrx_word' id='word_1_375' title='bbox 209 3759 249 3810; x_wconf 85' lang='lat' dir='ltr'><strong>Eo</strong></span> <span class='ocrx_word' id='word_1_376' title='bbox 274 3761 470 3812; x_wconf 85' lang='lat' dir='ltr'><strong>bidno=zwei</strong></span> <span class='ocrx_word' id='word_1_377' title='bbox 489 3759 560 3826; x_wconf 81' lang='lat' dir='ltr'><strong>Tage</strong></span> <span class='ocrx_word' id='word_1_378' title='bbox 582 3759 638 3812; x_wconf 87' lang='lat' dir='ltr'><strong>dar·</strong></span> <span class='ocrx_word' id='word_1_379' title='bbox 688 3755 810 3810; x_wconf 54' lang='lat' dir='ltr'><strong>enatans</strong></span> <span class='ocrx_word' id='word_1_380' title='bbox 826 3761 905 3824; x_wconf 84' lang='lat'>(11‚5</span> <span class='ocrx_word' id='word_1_381' title='bbox 923 3757 986 3822; x_wconf 80' lang='lat' dir='ltr'><strong>lim).</strong></span> 
     </span>
    </p>

    <p class='ocr_par' dir='ltr' id='par_1_10' title="bbox 127 3823 1201 3963">
     <span class='ocr_line' id='line_1_44' title="bbox 127 3823 1199 3892; baseline 0.001 -15"><span class='ocrx_word' id='word_1_382' title='bbox 127 3825 181 3889; x_wconf 87' lang='lat' dir='ltr'><strong>aul,</strong></span> <span class='ocrx_word' id='word_1_383' title='bbox 199 3827 250 3891; x_wconf 81' lang='lat' dir='ltr'><strong>vgl.</strong></span> <span class='ocrx_word' id='word_1_384' title='bbox 269 3830 347 3892; x_wconf 81' lang='lat'><strong>1,41,</strong></span> <span class='ocrx_word' id='word_1_385' title='bbox 361 3831 382 3881; x_wconf 89' lang='lat'><strong>1.</strong></span> <span class='ocrx_word' id='word_1_386' title='bbox 724 3830 747 3881; x_wconf 89' lang='lat'><strong>3.</strong></span> <span class='ocrx_word' id='word_1_387' title='bbox 769 3845 818 3878; x_wconf 87' lang='lat' dir='ltr'><strong>nec</strong></span> <span class='ocrx_word' id='word_1_388' title='bbox 841 3841 888 3877; x_wconf 81' lang='lat' dir='ltr'><strong>ror</strong></span> <span class='ocrx_word' id='word_1_389' title='bbox 907 3826 988 3878; x_wconf 85' lang='lat' dir='ltr'><strong>einem</strong></span> <span class='ocrx_word' id='word_1_390' title='bbox 1007 3823 1106 3876; x_wconf 83' lang='lat' dir='ltr'><strong>Vahale</strong></span> <span class='ocrx_word' id='word_1_391' title='bbox 1133 3825 1199 3878; x_wconf 83' lang='lat' dir='ltr'><strong>steht</strong></span> 
     </span>
     <span class='ocr_line' id='line_1_45' title="bbox 162 3893 1201 3963; baseline 0.005 -20"><span class='ocrx_word' id='word_1_392' title='bbox 162 3895 562 3960; x_wconf 78' lang='lat' dir='ltr'><strong>snpraAlenondrinm=dber</strong></span> <span class='ocrx_word' id='word_1_393' title='bbox 580 3895 638 3947; x_wconf 88' lang='lat' dir='ltr'><strong>Ale·</strong></span> <span class='ocrx_word' id='word_1_394' title='bbox 690 3896 754 3947; x_wconf 90' lang='lat' dir='ltr'><strong>auch</strong></span> <span class='ocrx_word' id='word_1_395' title='bbox 779 3898 848 3960; x_wconf 82' lang='grc'><strong>54,3</strong></span> <span class='ocrx_word' id='word_1_396' title='bbox 871 3909 920 3945; x_wconf 85' lang='lat' dir='ltr'><strong>nec</strong></span> <span class='ocrx_word' id='word_1_397' title='bbox 936 3895 991 3945; x_wconf 89' lang='lat' dir='ltr'><strong>nllo</strong></span> <span class='ocrx_word' id='word_1_398' title='bbox 1011 3895 1106 3944; x_wconf 82' lang='lat' dir='ltr'><strong>timore</strong></span> <span class='ocrx_word' id='word_1_399' title='bbox 1127 3893 1154 3944; x_wconf 96' lang='lat' dir='ltr'><strong>in</strong></span> <span class='ocrx_word' id='word_1_400' title='bbox 1173 3899 1201 3963; x_wconf 82' lang='grc' dir='ltr'><strong>β.</strong></span> 
     </span>
    </p>
   </div>
   <div class='ocr_carea' id='block_1_6' title="bbox 0 0 1434 4572">
    <p class='ocr_par' dir='ltr' id='par_1_11' title="bbox 0 0 1434 4572">
     <span class='ocr_line' id='line_1_46' title="bbox 0 0 1434 4572; baseline 0 0"><span class='ocrx_word' id='word_1_401' title='bbox 0 0 1434 4572; x_wconf 95' lang='lat' dir='ltr'><strong> </strong></span> 
     </span>
    </p>
   </div>
  </div>
 </body>
</html>
