2860 4572
220 265 274 342 Ι34
650 267 757 321 carun
776 271 886 324 ato-aa.

232 439 390 502 circumire
403 457 436 500 ae
458 439 668 502 transcendere
683 449 789 502 conata
807 449 894 515 esset,
916 449 950 502 ut
964 453 1067 520 aperto
1082 443 1173 504 latero
1195 442 1303 522 adgre-
1419 513 1420 516 Ἴ

231 525 352 586 deretur
372 525 497 598 hostem,
519 523 551 586 in
573 525 638 604 ipso
661 525 784 588 transitu
806 527 902 588 fossae
916 529 1032 589 confina
1047 537 1077 590 et
1091 546 1231 608 oppressa
1246 536 1305 590 est.
1419 539 1420 576 ι

232 609 359 674 Deiotari
387 627 457 670 vero
486 609 619 687 legiones
647 611 694 671 vix
719 605 886 694 (primum)
912 612 1053 691 impetum
1084 613 1303 674 sustinuerunt.

193 695 274 759 dlta
301 694 435 756 victrices
461 694 561 773 regiae
589 695 693 774 copiae
719 713 814 756 cornu
842 715 896 756 suo
926 698 1029 758 dextro
1057 699 1212 776 mediaque
1237 699 1303 759 acie

231 787 443 840 converterunt
463 798 495 840 se
517 779 553 840 ad
567 797 653 844 xxxvi
674 781 831 860 legionem.
873 781 954 852 Quae
977 793 1073 844 umen
1097 784 1214 844 fortiter
1234 783 1302 844 vin-

230 864 360 928 centium
382 863 525 944 impetum
547 865 695 937 sustinuit,
718 865 832 944 magnis
854 867 947 945 copiis
968 868 1096 928 hostium
1119 867 1302 930 circumdata

229 949 469 1028 praesentissimo
491 950 590 1010 animo
614 969 749 1030 pugnans
769 950 800 1012 in
823 951 926 1013 orbern
941 971 972 1013 se
994 953 1107 1030 recepit
1128 953 1165 1014 ad
1186 954 1306 1015 radices

229 1034 390 1108 montium;
406 1054 466 1114 quo
478 1033 645 1098 Pharnaces
659 1035 776 1113 insequi
789 1047 912 1115 propter
925 1037 1108 1115 iniquitatem
1121 1037 1178 1098 loci
1195 1037 1304 1098 noluit.

190 1119 269 1180 tlte
292 1119 416 1180 Pontica
443 1120 559 1199 legione
582 1137 676 1198 paene
697 1129 759 1182 tota
787 1122 906 1196 amissa,
929 1140 1033 1201 magna
1062 1131 1145 1201 parte
1168 1122 1303 1183 Deiotari

228 1205 353 1266 militum
384 1204 537 1266 interiecta
564 1223 649 1266 xxxvr
678 1205 753 1285 legio
779 1205 811 1266 in
839 1206 904 1267 loca
932 1225 963 1268 se
992 1207 1143 1286 superiora
1172 1207 1305 1268 contulit

191 1299 206 1348 t
229 1309 290 1352 non
313 1289 439 1367 amplius
461 1309 513 1350 cen
538 1289 717 1351 desideratis.
762 1290 940 1353 Ceciderunt
960 1310 996 1352 eo
1017 1291 1131 1372 proelio
1151 1291 1304 1371 splendidi

229 1384 316 1454 atque
339 1375 477 1434 inlustres
494 1375 547 1434 riri
570 1375 717 1446 nonnulli,
740 1376 855 1454 equites
875 1377 1009 1438 Romani.
1048 1376 1114 1448 Quo
1136 1386 1233 1438 tamen
1250 1377 1302 1438 in-

207 1459 383 1530 commodo
399 1459 543 1520 Domitius
565 1469 685 1538 accepto
705 1460 844 1538 reliquias
865 1463 1012 1524 exercitus
1030 1462 1159 1542 dissipati
1180 1461 1304 1539 collegit

176 1548 214 1604 41
228 1543 443 1621 itineribusque
458 1545 529 1604 tutis
543 1562 598 1623 per
613 1544 823 1624 Cappadociam
838 1566 870 1608 se
884 1547 914 1608 in
931 1548 1028 1608 Asiam
1048 1547 1169 1626 recepit.
1207 1547 1305 1606 Phar·

229 1647 317 1690 naees
339 1628 428 1689 rebus
450 1629 587 1690 secundis
609 1629 710 1702 elatus,
733 1647 800 1690 cum
819 1630 855 1691 de
871 1631 993 1693 Caesare
1012 1651 1055 1704 ea,
1077 1651 1152 1711 quae
1168 1631 1302 1711 optabat,

190 1724 206 1774 2
227 1723 368 1794 speraret,
391 1714 518 1774 Pontum
544 1713 682 1776 omnibus
703 1715 796 1794 copiis
819 1718 973 1795 occupavit
994 1715 1095 1794 ibique
1110 1727 1139 1778 et
1160 1717 1254 1778 vietor
1268 1725 1301 1778 et

228 1799 446 1861 crudelissimus
461 1817 522 1873 rex,
546 1817 613 1860 eum
628 1799 683 1861 sibi
699 1801 848 1861 fortunam
870 1809 1022 1880 paternam
1045 1802 1176 1862 feliciore
1191 1810 1300 1862 eventu

227 1885 396 1958 destinaret,
419 1884 509 1944 multa
532 1885 637 1964 oppida
661 1885 847 1963 expugnavit,
869 1885 948 1946 bona
970 1887 1077 1946 civium
1096 1887 1298 1969 Rornanorum

189 1979 204 2029 3
226 1970 477 2046 Ponticorumqne
493 1969 622 2048 diripuit
645 1969 788 2049 supplicia
808 1971 960 2031 constituit
975 1971 1004 2030 in
1021 1986 1082 2042 eos,
1104 1973 1155 2049 qui
1170 1973 1298 2050 aliquam

226 2057 338 2118 formae
353 2064 440 2133 atque
455 2054 556 2115 aetatis
571 2056 855 2116 commendationem
870 2056 1028 2130 habebant,
1051 2074 1094 2128 ea,
1112 2075 1187 2135 quae
1201 2068 1300 2118 morte

227 2148 326 2204 essent
346 2139 515 2214 miseriora,
544 2139 733 2218 Pontumque
755 2140 836 2201 nullo
865 2141 1042 2202 defendente
1070 2149 1227 2219 paternum
1249 2160 1299 2202 re·

226 2244 317 2306 gnum
340 2225 470 2302 glorians
491 2243 523 2286 se
545 2227 693 2305 recepisse
716 2223 876 2286 obtinebat

168 2317 212 2371 42
313 2307 374 2370 Sub
397 2311 474 2370 idem
495 2320 613 2389 tempus
634 2313 664 2372 in
687 2311 802 2390 lllyrico
818 2321 862 2372 est
883 2311 1103 2373 incommodum
1125 2318 1298 2388 acceptum;

227 2413 301 2474 quae
323 2395 473 2472 provincia
495 2395 698 2473 superioribus
719 2396 870 2458 mensibus
888 2405 1002 2458 retenta
1018 2413 1079 2455 non
1101 2402 1215 2455 tantum
1232 2395 1297 2456 sine

187 2491 203 2540 2
224 2479 396 2559 ignominia,
413 2480 464 2540 sed
481 2479 650 2540 etiamtum
665 2481 750 2540 laude
767 2489 838 2540 erat.
870 2479 1002 2560 Namque
1017 2501 1051 2540 eo
1068 2479 1174 2541 missus
1188 2488 1299 2542 aestate

225 2583 291 2626 cum
315 2564 428 2624 duabus
449 2561 616 2642 legionibus
638 2563 673 2634 Q.
697 2565 886 2638 Cornificius,
909 2565 1038 2627 Caesaris
1060 2574 1216 2642 quaestor,
1239 2584 1298 2644 pro

224 2658 378 2729 praetore,
409 2666 585 2726 quamquam
609 2657 671 2709 erat
692 2649 842 2728 provincia
865 2650 987 2711 minime
1009 2650 1128 2728 eopiosa
1150 2649 1187 2709 ad
1209 2668 1299 2711 ener-

224 2735 299 2796 eitus
327 2734 447 2795 alendos
469 2741 498 2794 et
525 2733 650 2794 finitimo
680 2733 756 2794 bello
785 2753 818 2794 ac
848 2734 1082 2796 dissensionibus
1108 2735 1244 2795 conlecta
1267 2745 1300 2796 et

222 2829 341 2893 vastata,
362 2832 461 2880 tamen
476 2819 631 2899 prudentia
655 2838 688 2880 ae
709 2819 858 2898 diligentia
873 2839 933 2895 sua,
949 2820 1028 2900 quod
1042 2837 1178 2898 magnam
1193 2838 1298 2880 euram

222 2906 410 2985 suscipiebat,
426 2923 464 2965 ne
480 2923 538 2982 quo
554 2913 665 2966 temere
679 2903 917 2984 progrederetur,
940 2915 969 2966 et
982 2905 1095 2984 recepit
1110 2913 1139 2965 et
1154 2903 1299 2966 defendit.

308 3086 355 3152 40,
373 3089 397 3140 2.
416 3090 558 3138 circumire
575 3089 646 3139 aciei
661 3088 776 3140 secundo
801 3091 947 3159 conatast,
972 3091 1114 3140 circumire
1131 3103 1168 3140 oe
1186 3093 1298 3140 trane-

223 3156 363 3208 condere
387 3159 483 3207 conato
494 3154 655 3291 Nipperdey.
690 3156 791 3208 Ardere
809 3155 1039 3222 Vermntungens.
1058 3155 1147 3208 Preuls
1172 3163 1245 3208 unter
1263 3173 1301 3210 oc

223 3227 282 3291 §8
334 3223 507 3293 (primum)
525 3241 535 3273 ι
582 3231 651 3275 atem
668 3225 851 3290 Dinterprael.
870 3241 895 3292 p.
913 3225 945 3276 lV
997 3228 1021 3276 d.
1041 3225 1130 3289 [legio]
1150 3223 1214 3275 FTV

305 3291 351 3354 41,
372 3227 601 3344 tottmatbbb
691 3296 715 3346 2,
734 3298 759 3343 el
776 3295 815 3343 iti
831 3291 958 3344 υἱοῖσιν
1055 3295 1080 3344 3.
1099 3291 1297 3344 delcndenle'l'

307 3358 351 3422 42,
372 3363 395 3410 t.
413 3361 482 3412 lllir.
498 3363 519 3431 β
535 3353 699 3414 ‘'constanter
717 3360 818 3414 bdbner
887 3358 1051 3424 [retentoJV
1104 3363 1126 3412 2.
1145 3365 1300 3412 aconitum

220 3429 331 3480 alendos
347 3425 415 3478 U'l'V
476 3444 641 3494 aequavero
659 3434 756 3480 cernere
773 3427 818 3480 'l'V

255 3597 409 3661 coefisa=
424 3591 613 3662 ‘lestgehalten’
631 3598 731 3650 scheint
783 3597 896 3660 occidit,·
923 3612 943 3648 s.
967 3595 996 3650 H.
1020 3595 1044 3649 J.
1067 3596 1159 3650 llldller
1184 3614 1216 3652 zu
1238 3599 1298 3654 Liv.

221 3673 294 3719 sonet
319 3667 345 3718 in
373 3665 455 3717 dieser
482 3664 634 3732 Bedentnng
659 3665 730 3718 nieht
781 3668 805 3729 4,
824 3667 864 3728 39,
883 3667 907 3716 4.

219 3733 427 3786 vornultommen.
814 3732 860 3794 41,
873 3733 896 3786 2.
916 3747 976 3784 eom
991 3735 1043 3782 eibi
1054 3733 1221 3800 fortunam
1222 3740 1297 3786 amr-

254 3803 278 3854 3.
296 3805 467 3868 pugnantia
484 3801 729 3866 orbemgebortnu
779 3750 1294 3867 nom..dartioared,vgl.Cic.adFam.

220 3883 347 3934 sammen,
371 3869 422 3934 vgl.
446 3868 497 3920 Liv
523 3870 563 3933 28,
589 3871 729 3934 221512
780 3870 857 3935 7,,23
870 3869 885 3920 3
905 3869 981 3934 Quod
997 3871 1047 3920 titt
1065 3869 1213 3922 &edinerus
1227 3889 1297 3940 τρα-

220 3939 308 3997 orbem
324 3942 476 4003 pugnanter
492 3937 529 3987 od
540 3952 624 3988 onum
640 3953 729 3990 omnes
779 3907 942 4008 πιζοφόρον,
958 3941 982 3988 ai
1000 3941 1025 3989 le
1040 3938 1158 4000 delectat,
1177 3940 1298 3992 babebis.
