2860 4572
234 249 274 310 36
467 247 472 256 ’
653 249 760 304 CAPUT
778 255 819 305 43.
833 253 874 304 44.

199 431 202 442 “
235 422 402 484 existimans
417 421 476 483 sive
497 422 621 485 multum
642 423 779 484 fortunae
798 423 918 486 victoris
933 423 1064 486 Caesaris
1085 421 1220 484 tribuens
1241 420 1302 482 sive

234 509 340 569 virtute
363 516 392 567 et
413 507 533 568 scientia
555 525 607 568 sua
630 509 774 582 conlisus,
804 520 1001 588 quamsaepe
1024 508 1055 570 in
1077 506 1161 569 bellis
1182 505 1303 585 pericli-

234 600 311 654 tatus
332 610 451 670 magnas
473 611 521 654 ros
543 601 573 654 et
593 593 738 654 secundas
762 594 851 654 ductu
873 594 1064 674 auspicioque
1085 612 1140 655 suo
1162 599 1304 669 gesserat,

235 695 332 756 neque
354 677 521 755 provinciae
549 677 736 739 facultatibus
757 676 978 753 sublevabatur,
1008 696 1084 756 quae
1111 677 1217 757 partim
1239 685 1306 736 erat

234 762 380 823 exinanita
403 762 508 840 partim
527 762 662 840 infidelis,
686 780 782 842 oeque
805 763 926 825 navibus
948 763 1109 824 intercluso
1131 761 1204 822 mari
1226 768 1305 821 tem-

234 847 396 925 pestatibus
418 857 600 911 commeatus
621 857 796 928 supportare
813 857 928 928 poterat
949 849 1122 927 magnisque
1144 846 1306 910 difficulta·
1419 887 1420 890 ,

234 930 313 994 tibus
328 943 448 994 coactus
464 952 523 993 non
538 942 570 993 ut
583 933 705 1006 volebat,
721 934 773 995 sed
788 943 821 994 ut
834 953 954 996 neeesse
968 943 1030 994 erat
1045 932 1154 994 bellum
1170 930 1305 1011 gerebat.

199 1025 214 1076 2
234 1017 277 1077 lta
299 1035 366 1079 cum
389 1017 551 1079 durissimis
572 1017 795 1096 tempestatibus
818 1028 939 1097 propter
960 1017 1089 1097 inopiam
1112 1017 1229 1079 castella
1251 1027 1307 1078 aut

198 1110 222 1160 3·
235 1103 341 1182 oppida
355 1120 524 1182 expugnare
537 1114 702 1182 cogeretur,
718 1102 824 1164 crebro
840 1103 1025 1164 incommoda
1040 1102 1201 1182 accipiebat
1212 1102 1305 1163 adeo-

235 1206 293 1266 que
308 1196 352 1250 est
367 1206 383 1247 a
398 1186 531 1249 barbaris
546 1195 741 1267 contemptus,
759 1197 793 1249 ut
808 1188 946 1250 Salonam
960 1209 992 1250 se
1006 1188 1154 1267 recipiens
1168 1188 1197 1248 in
1215 1188 1306 1266 oppi-

235 1273 303 1333 dum
325 1273 518 1345 maritimum,
548 1273 626 1350 quod
652 1273 729 1334 cives
750 1273 876 1334 Romani
903 1274 1053 1335 tortissimi
1082 1272 1306 1350 fidelissimique

197 1366 213 1416 t
234 1357 411 1428 incolebant,
434 1358 464 1417 in
480 1356 596 1435 agmine
612 1357 750 1419 dimicare
765 1358 803 1419 sit
817 1367 946 1420 coactus.
976 1358 1041 1429 Quo
1056 1357 1168 1437 proelio
1184 1355 1306 1418 duobus

234 1440 352 1503 milibus
377 1441 501 1502 militum
530 1441 655 1521 amplius
682 1443 812 1514 amissis,
842 1442 1066 1505 centurionibus
1094 1461 1218 1516 xxxviii,
1247 1442 1307 1502 tri-

233 1525 322 1588 bunis
344 1545 388 1586 rur
418 1544 484 1587 cum
514 1526 636 1605 reliquis
658 1529 751 1606 copiis
774 1527 911 1590 Salonam
938 1547 969 1590 se
991 1529 1104 1606 recepit
1127 1544 1306 1605 summaque

234 1610 274 1672 ibi
296 1611 467 1672 difficultate
489 1630 590 1672 rerum
613 1613 746 1674 omnium
769 1630 888 1691 pressus
906 1614 1008 1692 paucis
1029 1610 1181 1673 mensibus
1195 1611 1305 1674 morbo

196 1703 211 1753 a
232 1696 328 1775 periit.
366 1696 456 1758 Cuius
471 1706 500 1756 ot
521 1696 675 1758 infelicitas
690 1697 743 1758 vivi
760 1705 790 1758 et
805 1698 900 1758 subita
919 1716 1000 1758 mors
1014 1698 1044 1758 in
1068 1715 1203 1777 magnam
1217 1715 1305 1776 spem

233 1781 385 1842 Octavium
407 1781 527 1861 adduxit
553 1781 722 1862 provinciae
749 1782 924 1862 potiundae;
953 1801 1041 1861 quem
1070 1792 1168 1844 tamen
1191 1782 1305 1844 diutius

232 1865 263 1926 in
287 1867 375 1928 rebus
397 1867 535 1928 secundis
557 1876 586 1928 et
607 1869 733 1936 fortuna,
756 1885 831 1946 quae
853 1867 1012 1947 plurimum
1035 1868 1064 1929 in
1089 1867 1173 1929 bellis
1194 1876 1304 1947 potest,

183 1951 187 1990 ῑ
232 1950 441 2029 diligentiaque
464 1952 612 2013 Cornificii
634 1961 664 2012 et
688 1953 780 2014 virtus
799 1953 903 2013 Vatinii
926 1954 1034 2014 versari
1056 1969 1140 2032 passa
1163 1971 1224 2012 nou
1248 1963 1305 2014 est.

180 2035 220 2092 44
234 2035 366 2098 Vatinius
380 2036 529 2098 Brundisii
552 2055 619 2098 cum
635 2046 720 2112 esset,
743 2037 869 2117 cognitis
884 2037 982 2111 rebus,
1005 2057 1081 2117 quae
1096 2046 1194 2116 gestae
1217 2047 1306 2098 erant

232 2121 262 2181 in
278 2121 403 2201 illyrico,
426 2139 493 2182 cum
510 2122 622 2184 crebris
637 2121 742 2185 litteris
758 2122 907 2183 Cornificii
927 2123 961 2183 ad
977 2123 1117 2184 auxilium
1132 2123 1303 2202 provinciae

232 2207 386 2267 terendum
409 2216 579 2269 evocaretur
600 2218 629 2268 et
643 2207 680 2268 M.
697 2207 849 2270 Octavium
871 2208 985 2269 audiret
1006 2227 1073 2270 cum
1088 2206 1222 2269 barbaris
1237 2209 1303 2268 loe-

232 2290 301 2350 dora
317 2293 496 2370 percussisse
514 2292 775 2372 compluribusque
789 2294 862 2354 locis
880 2305 1050 2355 nostrorum
1065 2293 1190 2354 militum
1205 2311 1303 2372 oppu-

232 2393 323 2453 gnare
345 2377 490 2455 praesidia
512 2379 618 2457 partim
640 2379 732 2440 classe
747 2397 802 2457 per
823 2398 854 2440 se
873 2379 979 2458 partim
1001 2377 1187 2458 pedestribus
1208 2377 1303 2456 copiis

315 2539 361 2603 48,
380 2543 403 2593 1.
422 2541 505 2592 doctr
526 2559 644 2608 ausuque
661 2541 716 2605 UF,
741 2544 824 2595 ductu
841 2545 970 2608 aecioque
987 2541 1046 2608 TV,
1069 2543 1151 2596 ductu
1168 2547 1302 2610 auspicio·

232 2624 282 2676 que
298 2609 399 2674 Lipsius
459 2615 616 2677 mpportart
632 2614 660 2678 β,
677 2615 837 2676 supportare
854 2610 1000 2678 Nipperdey
1080 2613 1104 2664 2.
1122 2611 1301 2664 contenteu‘l'

283 2680 307 2729 4.
326 2678 404 2741 poor
417 2677 523 2742 proelio
542 2678 605 2731 FTV
693 2678 817 2730 Salonem
835 2677 879 2730 TV
897 2682 1028 2744 receperit
1043 2681 1078 2749 β,
1099 2684 1200 2746 recepit

229 2761 336 2812 proram
353 2744 403 2809 UF,
419 2761 514 2810 pareres
531 2745 575 2797 TV
636 2749 660 2798 5.
679 2763 748 2812 quoe
764 2744 949 2815 (plerumque)
963 2748 1111 2812 plurimum
1129 2748 1147 2799 F

314 2812 397 2876 441.
416 2814 547 2866 illiricum
564 2818 596 2886 β,
620 2815 730 2881 illyrico
748 2812 895 2882 Stephanus
982 2815 1156 2867 Octavianum
1177 2813 1198 2864 V

230 2882 337 2933 clamem
354 2885 384 2954 β,
402 2882 484 2933 cluere

232 3034 740 3170 s.tltttt.⁸.tl.tltllttt,⁶‘tt
789 3033 1048 3170 {ll-albidi&
1063 3051 1124 3156 “fl
1141 3037 1304 3156 tritt

232 3170 282 3222 (lic.
308 3187 332 3237 p.
357 3171 439 3222 illaec.
463 3172 479 3234 ξ
503 3173 535 3225 63
560 3177 740 3238 septingentos
791 3171 896 3236 legeret.
915 3199 946 3210 -·
965 3170 1081 3224 Vatinius
1105 3172 1177 3224 hatte
1194 3171 1304 3224 Brundi-

231 3241 286 3289 a'am
304 3253 389 3290 aanor
407 3239 529 3304 amplius.
616 3290 618 3296 ,
791 3240 856 3291 sium
875 3239 958 3306 lapser
976 3254 1057 3306 gegen
1076 3239 1118 3292 dte
1129 3240 1243 3307 Angriffe
1256 3241 1303 3294 des

266 3307 290 3359 2.
309 3306 402 3372 Salona„
424 3307 458 3358 ist
483 3307 527 3359 das
550 3307 655 3373 beutige
678 3307 741 3375 Spa·
792 3306 821 3358 D.
834 3307 934 3359 Laelius
951 3301 1096 3373 verteidlgt
1127 3308 1183 3375 Vgl.
1202 3311 1303 3372 3,100.

231 3375 293 3427 lato.
326 3373 621 3442 ttertJbertattgeschah
634 3377 659 3427 in
672 3377 742 3428 einer
826 3373 937 3435 foedera
979 3378 1120 3426 errmrirae
1145 3376 1198 3442 vgl.
1216 3375 1303 3429 lustin

232 3443 358 3508 waldigen
370 3441 554 3510 Rergscblucbt
566 3443 743 3496 beidersoust
792 3445 838 3506 43,
858 3447 881 3504 5,
901 3446 933 3495 10
950 3391 1046 3504 bardus
1063 3459 1147 3510 aequo
1165 3449 1226 3497 a'ore
1241 3461 1304 3513 per-

232 3511 413 3564 unbelmnnten
433 3511 507 3563 stadt
525 3510 666 3579 Synodion,
689 3513 742 3579 vgl.
792 3527 906 3563 murum.
944 3509 992 3564 ner
1017 3512 1144 3566 leierliche
1166 3514 1302 3566 Ausdruck

232 3580 332 3647 Appian
350 3578 394 3631 Jll.
414 3581 454 3631 27.
790 3580 826 3630 ist
844 3580 890 3630 ruit
910 3579 1019 3632 Absicht
1041 3581 1166 3646 gewdhlt,
1188 3596 1231 3634 um
1254 3583 1302 3634 das

266 3652 291 3702 4.
312 3650 407 3713 paucis
431 3648 563 3697 menibus
588 3640 661 3698 ‘nach
689 3662 741 3699 we·
792 3645 930 3699 Verlaluen
953 3647 998 3698 des
1015 3647 1137 3701 Octavius
1160 3665 1191 3700 ao
1210 3649 1303 3700 brand·

232 3714 308 3781 nigen
326 3711 463 3777 Monaten‘,
483 3714 535 3780 rgl.
554 3718 594 3778 57,
614 3717 629 3767 b
645 3719 741 3780 paucis
792 3714 904 3766 marlico.
922 3713 1041 3779 Haufiger
1052 3714 1132 3768 findet
1143 3716 1303 3776 siobfoedace

234 3782 339 3845 diadum
358 3786 398 3848 62,
418 3785 440 3835 1.
790 3783 882 3845 ferire,
900 3782 952 3848 vgl.
965 3783 1016 3835 Cic.
1035 3783 1067 3835 de
1084 3784 1136 3835 inv.
1148 3783 1167 3835 ll
1179 3785 1195 3851 ξ
1207 3787 1239 3837 92
1253 3788 1304 3850 qui

266 3847 312 3915 44,
327 3854 349 3903 1.
370 3851 495 3903 Vatinius
511 3850 652 3901 Brundisii
672 3866 741 3902 eum
791 3850 904 3913 videret,
921 3856 953 3901 ut
967 3855 1034 3902 ratis
1052 3853 1188 3902 honestum
1204 3851 1303 3911 foedus

233 3921 323 3970 earet.
342 3954 349 3970 .
367 3954 373 3970 .
392 3933 461 3968 eom
478 3922 672 3970 ..evocaretur
687 3919 739 3984 vgl.
791 3917 929 3979 feriretur.

167 4368 514 4536 s
